612 792
200.012 95.6231 43.9107 7.39991 RESEARCH
245.649 95.6231 33.3908 7.39991 ARTICLE

200.012 111.814 105.066 15.3 War-induced
308.975 111.814 66.7458 15.3 collapse
379.558 111.814 31.6188 15.3 and
414.934 111.814 95.9526 15.3 asymmetric

200.012 134.319 70.8678 15.3 recovery
274.676 134.319 16.8354 15.3 of
295.311 134.319 119.705 15.3 large-mammal
418.903 134.319 97.776 15.3 populations
520.552 134.319 15.3414 15.3 in

200.012 156.827 90.9072 15.3 Gorongosa
294.744 156.827 69.1938 15.3 National
367.765 156.827 41.1336 15.3 Park,
412.723 156.827 108.103 15.3 Mozambique

200.012 187.371 20.7792 8.325 Marc
222.688 187.371 8.4834 8.325 E.
233.12 187.371 39.6378 8.325 Stalmans
273.317 189.469 7.45265 6.93741 ID

280.743 185.558 3.72589 5.54926 1

284.428 188.064 8.1504 7.371 *,
294.519 187.371 18.8082 8.325 Tara
315.268 187.371 7.4574 8.325 J.
324.68 187.371 32.697 8.325 Massad

357.279 185.558 3.72589 5.54926 1

360.964 187.371 2.529 8.325 ,
365.442 187.371 19.8432 8.325 Mike
387.212 187.371 7.4574 8.325 J.
396.624 187.371 8.4834 8.325 S.
407.055 187.371 18.3402 8.325 Peel

425.367 185.558 3.72589 5.54926 2

429.052 187.371 2.529 8.325 ,
433.53 187.371 28.278 8.325 Corina
463.691 187.371 8.4834 8.325 E.
474.122 187.371 29.7414 8.325 Tarnita

503.83 185.558 3.72589 5.54926 3

507.515 187.371 2.529 8.325 ,
511.993 187.371 28.746 8.325 Robert

200.013 198.426 9.9864 8.325 M.
211.919 198.426 30.2994 8.325 Pringle

242.192 196.556 3.72589 5.54926 3

200.012 217.116 4.41594 7.39991 1
207.892 217.116 41.2875 7.39991 Department
250.751 217.116 6.62392 7.39991 of
259.086 217.116 31.5276 7.39991 Scientific
292.251 217.116 32.4956 7.39991 Services,
326.379 217.116 20.6157 7.39991 Beira,
348.717 217.116 22.3677 7.39991 Sofala
372.754 217.116 32.8076 7.39991 Province,
407.28 217.116 47.3074 7.39991 Mozambique,
456.262 217.116 4.41594 7.39991 2
464.142 217.116 43.4315 7.39991 ARC-Animal
509.213 217.116 37.7035 7.39991 Production

200.012 227.094 29.8716 7.39991 Institute,
231.532 227.094 37.9779 7.39991 Rangeland
271.218 227.094 28.0796 7.39991 Ecology
300.924 227.094 24.2077 7.39991 Group,
326.776 227.094 33.2796 7.39991 Nelspruit,
361.699 227.094 20.6637 7.39991 South
384.036 227.094 22.4077 7.39991 Africa,
408.13 227.094 4.41594 7.39991 3
416.011 227.094 41.1387 7.39991 Department
458.87 227.094 6.62392 7.39991 of
467.204 227.094 28.0796 7.39991 Ecology
496.967 227.094 5.32793 7.39991 &
503.998 227.094 43.2683 7.39991 Evolutionary

200.012 237.128 27.9293 7.39991 Biology,
229.662 237.128 33.3276 7.39991 Princeton
264.642 237.128 36.7163 7.39991 University,
303.079 237.128 35.5356 7.39991 Princeton,
340.269 237.128 11.9119 7.39991 NJ,
353.876 237.128 22.7837 7.39991 United
378.31 237.128 22.4557 7.39991 States
402.405 237.128 6.62392 7.39991 of
410.738 237.128 28.9916 7.39991 America

200.012 257.108 4.44794 7.44791 *
206.191 257.14 89.8013 7.39991 stalmans@gorongosa.net

200.012 293.365 54.7578 12.325 Abstract

200.012 318.256 18.8062 8.7875 How
220.874 318.256 10.4481 8.7875 do
233.404 318.256 59.9906 8.7875 large-mammal
295.595 318.256 52.7155 8.7875 communities
350.474 318.256 48.5089 8.7875 reassemble
401.1 318.256 18.8309 8.7875 after
422.02 318.256 22.8874 8.7875 being
447.022 318.256 30.7705 8.7875 pushed
479.904 318.256 7.8736 8.7875 to
489.825 318.256 13.0777 8.7875 the
504.962 318.256 20.3129 8.7875 brink
527.355 318.256 7.8736 8.7875 of
537.333 318.256 27.6526 8.7875 extinc-

200.012 332.259 20.3129 8.7875 tion?
222.405 332.259 17.8182 8.7875 Few
242.304 332.259 18.2818 8.7875 data
262.657 332.259 13.5717 8.7875 are
278.304 332.259 36.8638 8.7875 available
317.308 332.259 7.8736 8.7875 to
327.286 332.259 30.267 8.7875 answer
359.659 332.259 14.6148 8.7875 this
376.326 332.259 38.0608 8.7875 question,
416.521 332.259 9.9541 8.7875 as
428.54 332.259 4.7006 8.7875 it
435.286 332.259 6.7811 8.7875 is
444.131 332.259 23.4365 8.7875 rarely
469.699 332.259 34.3387 8.7875 possible
506.152 332.259 7.8736 8.7875 to
516.073 332.259 41.2737 8.7875 document

200.012 346.262 18.2818 8.7875 both
220.364 346.262 13.0777 8.7875 the
235.501 346.262 29.6286 8.7875 decline
267.249 346.262 15.6522 8.7875 and
284.994 346.262 36.0297 8.7875 recovery
323.148 346.262 7.8736 8.7875 of
333.069 346.262 27.9832 8.7875 wildlife
363.174 346.262 50.5001 8.7875 populations.
415.841 346.262 20.3528 8.7875 Here
438.291 346.262 12.0251 8.7875 we
452.408 346.262 31.3196 8.7875 present
485.8 346.262 13.0777 8.7875 the
500.937 346.262 15.1639 8.7875 first
518.228 346.262 33.8447 8.7875 in-depth

200.012 360.265 47.9256 8.7875 quantitative
250.071 360.265 32.9061 8.7875 account
285.107 360.265 7.8736 8.7875 of
295.028 360.265 51.034 8.7875 war-induced
348.206 360.265 34.3387 8.7875 collapse
384.66 360.265 15.6522 8.7875 and
402.405 360.265 32.8966 8.7875 postwar
437.384 360.265 36.0297 8.7875 recovery
475.539 360.265 7.2751 8.7875 in
484.892 360.265 5.244 8.7875 a
492.205 360.265 30.2271 8.7875 diverse
524.521 360.265 50.5894 8.7875 assemblage

200.012 374.211 7.8736 8.7875 of
209.933 374.211 20.8069 8.7875 large
232.836 374.211 46.3885 8.7875 herbivores.
281.365 374.211 7.8736 8.7875 In
291.287 374.211 60.6271 8.7875 Mozambique’s
353.989 374.211 46.4778 8.7875 Gorongosa
402.575 374.211 34.3292 8.7875 National
439.028 374.211 21.9944 8.7875 Park,
463.122 374.211 12.0251 8.7875 we
477.239 374.211 45.3853 8.7875 assembled
524.748 374.211 18.2818 8.7875 data
545.1 374.211 18.8708 8.7875 from

200.012 388.214 10.4481 8.7875 15
212.541 388.214 22.838 8.7875 aerial
237.486 388.214 27.9832 8.7875 wildlife
267.589 388.214 27.702 8.7875 counts
297.353 388.214 43.3143 8.7875 conducted
342.821 388.214 26.6095 8.7875 before
371.507 388.214 53.124 8.7875 (1968–1972)
426.783 388.214 15.6522 8.7875 and
444.527 388.214 18.8309 8.7875 after
465.447 388.214 53.124 8.7875 (1994–2018)
520.722 388.214 13.0777 8.7875 the
535.859 388.214 34.029 8.7875 Mozam-

200.012 402.217 22.3934 8.7875 bican
224.503 402.217 17.6244 8.7875 Civil
244.232 402.217 17.3242 8.7875 War
263.621 402.217 55.7536 8.7875 (1977–1992).
321.561 402.217 32.8871 8.7875 Pre-war
356.54 402.217 17.7384 8.7875 total
376.382 402.217 34.9771 8.7875 biomass
413.46 402.217 29.7331 8.7875 density
445.321 402.217 40.6847 8.7875 exceeded
488.124 402.217 23.4859 8.7875 9,000
513.692 402.217 9.9541 8.7875 kg
525.711 402.217 12.6236 8.7875 km

538.299 400.297 6.26555 5.85756 -2

544.535 402.218 2.6695 8.7875 ,
549.24 402.218 13.0777 8.7875 but

200.014 416.221 47.8705 8.7875 populations
250.017 416.221 34.8327 8.7875 declined
286.98 416.221 9.9541 8.7875 by
298.999 416.611 24.3238 8.4265 >90%
325.418 416.221 26.011 8.7875 during
353.537 416.221 13.0777 8.7875 the
368.675 416.221 17.7783 8.7875 war.
388.517 416.221 23.4764 8.7875 Since
414.086 416.221 23.4859 8.7875 1994,
439.711 416.221 17.7384 8.7875 total
459.497 416.221 34.9771 8.7875 biomass
496.63 416.221 15.1582 8.7875 has
513.864 416.221 51.5432 8.7875 substantially

200.014 430.224 44.3574 8.7875 recovered,
246.445 430.224 13.0777 8.7875 but
261.582 430.224 31.8136 8.7875 species
295.428 430.224 50.046 8.7875 composition
347.585 430.224 15.1582 8.7875 has
364.82 430.224 27.6526 8.7875 shifted
394.526 430.224 52.6262 8.7875 dramatically.
449.292 430.224 37.1032 8.7875 Formerly
488.466 430.224 38.5947 8.7875 dominant
529.172 430.224 20.8069 8.7875 large
552.018 430.224 23.9305 8.7875 herbi-

200.014 444.227 69.2759 8.7875 vores—including
271.447 444.227 35.9252 8.7875 elephant
309.488 444.227 46.9319 8.7875 (Loxodonta
358.583 444.227 39.1039 8.7875 africana),
399.799 444.227 22.8874 8.7875 hippo
424.801 444.227 63.6177 8.7875 (Hippopotamus
490.564 444.227 48.4595 8.7875 amphibius),
541.191 444.227 28.1466 8.7875 buffalo

200.014 458.23 42.3168 8.7875 (Syncerus
244.461 458.23 29.2942 8.7875 caffer),
275.868 458.23 23.4859 8.7875 zebra
301.437 458.23 29.773 8.7875 (Equus
333.299 458.23 37.0177 8.7875 quagga),
372.416 458.23 15.6522 8.7875 and
390.161 458.23 44.2434 8.7875 wildebeest
436.536 458.23 63.765 8.7875 (Connochaetes
502.356 458.23 59.4662 8.7875 taurinus)—are

200.014 472.233 17.2292 8.7875 now
219.289 472.233 55.2995 8.7875 outnumbered
276.776 472.233 9.9541 8.7875 by
288.795 472.233 42.8108 8.7875 waterbuck
333.752 472.233 29.773 8.7875 (Kobus
365.613 472.233 62.4359 8.7875 ellipsiprymnus)
430.243 472.233 15.6522 8.7875 and
447.987 472.233 21.4054 8.7875 other
471.458 472.233 21.8899 8.7875 small
495.44 472.233 7.8736 8.7875 to
505.361 472.233 40.1318 8.7875 mid-sized
547.653 472.233 21.4054 8.7875 ante-

200.014 486.236 25.023 8.7875 lopes.
227.112 486.236 44.9863 8.7875 Waterbuck
274.225 486.236 46.3828 8.7875 abundance
322.754 486.236 15.1582 8.7875 has
339.988 486.236 40.6353 8.7875 increased
382.735 486.236 9.9541 8.7875 by
394.753 486.236 10.4481 8.7875 an
407.283 486.236 21.8994 8.7875 order
431.264 486.236 7.8736 8.7875 of
441.241 486.236 46.4284 8.7875 magnitude,
489.77 486.236 16.6858 8.7875 with
508.593 486.625 34.1981 8.4265 >55,000
544.875 486.236 29.5792 8.7875 individ-

200.014 500.239 17.1893 8.7875 uals
219.289 500.239 45.3454 8.7875 accounting
266.741 500.239 10.9972 8.7875 for
279.837 500.629 24.3238 8.4265 >74%
306.256 500.239 7.8736 8.7875 of
316.177 500.239 62.9394 8.7875 large-herbivore
381.317 500.239 34.9771 8.7875 biomass
418.394 500.239 7.2751 8.7875 in
427.749 500.239 23.4859 8.7875 2018.
453.317 500.239 11.0371 8.7875 By
466.413 500.239 36.0848 8.7875 contrast,
504.624 500.239 38.5548 8.7875 elephant,
545.271 500.239 25.517 8.7875 hippo,

200.014 514.242 15.6522 8.7875 and
217.702 514.242 30.7762 8.7875 buffalo,
250.64 514.242 23.9704 8.7875 which
276.719 514.242 28.1466 8.7875 totaled
306.936 514.242 18.8157 8.7875 89%
327.856 514.242 7.8736 8.7875 of
337.777 514.242 31.8041 8.7875 pre-war
371.736 514.242 37.6067 8.7875 biomass,
411.421 514.242 17.2292 8.7875 now
430.754 514.242 38.1007 8.7875 comprise
471.005 514.242 14.6148 8.7875 just
487.673 514.242 21.4453 8.7875 23%.
511.2 514.242 26.1554 8.7875 These
539.49 514.242 26.1155 8.7875 trends

200.014 528.245 27.1985 8.7875 mostly
229.324 528.245 25.5721 8.7875 reflect
256.99 528.245 28.6406 8.7875 natural
287.718 528.245 43.1604 8.7875 population
333.015 528.245 28.1865 8.7875 growth
363.345 528.245 36.3603 8.7875 following
401.84 528.245 13.0777 8.7875 the
416.977 528.245 46.4284 8.7875 resumption
465.562 528.245 7.8736 8.7875 of
475.483 528.245 41.1844 8.7875 protection
518.797 528.245 23.9799 8.7875 under
544.875 528.245 13.0777 8.7875 the

200.014 542.249 46.4778 8.7875 Gorongosa
248.6 542.249 47.9655 8.7875 Restoration
298.716 542.249 31.8592 8.7875 Project;
332.732 542.249 61.4574 8.7875 reintroductions
396.341 542.249 18.7758 8.7875 (465
417.204 542.249 32.2981 8.7875 animals
451.616 542.249 7.8736 8.7875 of
461.537 542.249 5.244 8.7875 7
468.85 542.249 34.9372 8.7875 species)
505.928 542.249 43.3143 8.7875 accounted
551.338 542.249 10.9972 8.7875 for
564.434 542.249 5.244 8.7875 a

200.014 556.252 57.8797 8.7875 comparatively
260.052 556.252 21.8899 8.7875 small
284.033 556.252 30.7762 8.7875 fraction
316.914 556.252 7.8736 8.7875 of
326.892 556.252 13.0777 8.7875 the
342.029 556.252 17.7384 8.7875 total
361.872 556.252 40.6258 8.7875 numerical
404.618 556.252 38.0608 8.7875 increase.
444.813 556.252 44.9863 8.7875 Waterbuck
491.925 556.252 13.5717 8.7875 are
507.571 556.252 32.7921 8.7875 growing
542.494 556.252 27.0047 8.7875 logisti-

200.014 570.255 21.356 8.7875 cally,
223.484 570.255 43.7589 8.7875 apparently
269.349 570.255 25.6215 8.7875 as-yet
297.071 570.255 45.3948 8.7875 unchecked
344.58 570.255 9.9541 8.7875 by
356.599 570.255 49.4627 8.7875 interspecific
408.246 570.255 47.9655 8.7875 competition
458.362 570.255 8.3676 8.7875 or
468.794 570.255 39.0488 8.7875 predation
509.953 570.255 65.1244 8.7875 (apex-carnivore

200.014 584.258 46.3828 8.7875 abundance
248.486 584.258 15.1582 8.7875 has
265.72 584.258 20.8563 8.7875 been
288.681 584.258 14.0562 8.7875 low
304.839 584.258 44.8514 8.7875 throughout
351.837 584.258 13.0777 8.7875 the
366.974 584.258 36.0202 8.7875 post-war
405.128 584.258 35.9309 8.7875 interval),
443.169 584.258 45.3454 8.7875 suggesting
490.678 584.258 5.244 8.7875 a
497.934 584.258 45.4803 8.7875 community
545.555 584.258 13.4729 8.7875 still
561.146 584.258 7.2751 8.7875 in

200.014 598.261 17.2444 8.7875 flux.
219.346 598.261 20.4573 8.7875 Most
241.853 598.261 21.4054 8.7875 other
265.38 598.261 39.0488 8.7875 herbivore
306.539 598.261 47.8705 8.7875 populations
356.542 598.261 20.3623 8.7875 have
378.993 598.261 40.6353 8.7875 increased
421.796 598.261 38.6498 8.7875 post-war,
462.558 598.261 22.344 8.7875 albeit
486.993 598.261 7.8736 8.7875 at
496.913 598.261 33.3013 8.7875 differing
532.346 598.261 23.541 8.7875 rates.

200.014 612.264 27.7324 8.7875 Armed
229.834 612.264 29.1897 8.7875 conflict
261.128 612.264 33.3906 8.7875 remains
296.675 612.264 5.244 8.7875 a
303.931 612.264 25.517 8.7875 poorly
331.597 612.264 46.9319 8.7875 understood
380.637 612.264 23.4365 8.7875 driver
406.149 612.264 7.8736 8.7875 of
416.126 612.264 41.5739 8.7875 ecological
459.837 612.264 33.4001 8.7875 change;
495.326 612.264 13.5717 8.7875 our
510.973 612.264 27.6526 8.7875 results
540.737 612.264 31.8535 8.7875 demon-

200.014 626.211 23.541 8.7875 strate
225.639 626.211 13.0777 8.7875 the
240.776 626.211 35.3818 8.7875 potential
278.306 626.211 10.9972 8.7875 for
291.346 626.211 20.8069 8.7875 rapid
314.249 626.211 36.0202 8.7875 post-war
352.404 626.211 36.0297 8.7875 recovery
390.558 626.211 7.8736 8.7875 of
400.479 626.211 62.9394 8.7875 large-herbivore
465.619 626.211 37.6067 8.7875 biomass,
505.361 626.211 22.3934 8.7875 given
529.852 626.211 25.5664 8.7875 sound
557.517 626.211 16.6953 8.7875 pro-

200.014 640.214 47.481 8.7875 tected-area
249.62 640.214 57.475 8.7875 management,
309.261 640.214 13.0777 8.7875 but
324.397 640.214 17.1893 8.7875 also
343.673 640.214 32.9061 8.7875 suggest
378.71 640.214 15.7073 8.7875 that
396.454 640.214 44.308 8.7875 restoration
442.942 640.214 7.8736 8.7875 of
452.864 640.214 45.4803 8.7875 community
500.485 640.214 36.5788 8.7875 structure
539.206 640.214 22.4979 8.7875 takes

200.014 654.217 26.011 8.7875 longer
228.134 654.217 15.6522 8.7875 and
245.822 654.217 17.8277 8.7875 may
265.777 654.217 29.1346 8.7875 require
297.015 654.217 24.529 8.7875 active
323.604 654.217 51.1984 8.7875 intervention.

36 750.256 21.1997 7.39991 PLOS
58.8469 750.256 17.2398 7.39991 ONE
77.7819 750.256 2.07997 7.39991 |
81.5802 750.256 156.363 7.39991 https://doi.org/10.1371/journal.pone.0212864
245.876 750.256 21.9997 7.39991 March
269.573 750.256 10.9999 7.39991 13,
282.272 750.256 17.5438 7.39991 2019

557.118 750.256 4.41594 7.39991 1
563.241 750.256 2.24797 7.39991 /
567.209 750.256 8.79189 7.39991 18

36 242.976 51.87 8.5 a1111111111

36 254.484 51.87 8.5 a1111111111

36 265.993 51.87 8.5 a1111111111

36 277.445 51.87 8.5 a1111111111

36 288.953 51.87 8.5 a1111111111

47.622 348.178 22.5517 7.09591 OPEN
71.8857 348.178 32.6956 7.09591 ACCESS

36.0005 364.618 26.0557 6.79991 Citation:
63.5522 364.618 27.9837 6.79991 Stalmans
93.0326 364.618 11.8479 6.79991 ME,
106.412 364.618 23.5517 6.79991 Massad
131.47 364.618 9.17589 6.79991 TJ,
142.185 364.618 12.7118 6.79991 Peel
156.415 364.618 15.6398 6.79991 MJS,

36.0005 375.616 20.6077 6.79991 Tarnita
58.1099 375.616 10.0159 6.79991 CE,
69.6753 375.616 20.9437 6.79991 Pringle
92.1254 375.616 10.9599 6.79991 RM
104.598 375.616 20.3277 6.79991 (2019)
126.424 375.616 38.4635 6.79991 War-induced

36.0005 386.614 24.3917 6.79991 collapse
61.9082 386.614 11.1759 6.79991 and
74.6073 386.614 35.154 6.79991 asymmetric
111.344 386.614 25.8077 6.79991 recovery
138.67 386.614 6.04792 6.79991 of
146.267 386.614 17.2238 6.79991 large-

36.0005 397.613 26.6397 6.79991 mammal
64.1194 397.613 34.8876 6.79991 populations
100.516 397.613 5.54393 6.79991 in
107.602 397.613 33.1276 6.79991 Gorongosa
142.185 397.613 24.3997 6.79991 National
168.093 397.613 15.4318 6.79991 Park,

36.0005 408.612 40.3547 6.79991 Mozambique.
77.952 408.612 16.2318 6.79991 PLoS
95.6406 408.612 13.4238 6.79991 ONE
110.607 408.612 18.3278 6.79991 14(3):
130.45 408.612 31.9756 6.79991 e0212864.
163.898 408.612 21.1677 6.79991 https://

36.0005 419.61 114.942 6.79991 doi.org/10.1371/journal.pone.0212864

36.0005 436.618 20.2077 6.79991 Editor:
57.7131 436.618 29.5356 6.79991 Stephanie
88.7239 436.618 6.21592 6.79991 S.
96.491 436.618 34.2012 6.79991 Romanach,
132.263 436.618 12.7278 6.79991 U.S.
146.494 436.618 31.0716 6.79991 Geological

36.0005 447.616 22.6077 6.79991 Survey,
60.0938 447.616 23.9837 6.79991 UNITED
85.6055 447.616 24.2477 6.79991 STATES

36.0005 464.624 30.9596 6.79991 Received:
68.4281 464.624 21.2397 6.79991 August
91.1615 464.624 9.59988 6.79991 11,
102.33 464.624 15.3998 6.79991 2018

36.0005 481.632 30.4636 6.79991 Accepted:
67.9177 481.632 26.2317 6.79991 February
95.6966 481.632 9.59988 6.79991 11,
106.808 481.632 15.3998 6.79991 2019

36.0005 498.639 32.9356 6.79991 Published:
70.4121 498.639 19.2638 6.79991 March
91.1615 498.639 9.59988 6.79991 13,
102.33 498.639 15.3998 6.79991 2019

36.0005 515.647 31.5996 6.79991 Copyright:
69.0513 515.591 4.83194 7.09591 ©
75.4577 515.647 15.3998 6.79991 2019
92.3518 515.647 27.9837 6.79991 Stalmans
121.832 515.647 5.62393 6.79991 et
129.032 515.647 6.91991 6.79991 al.
137.479 515.647 12.7198 6.79991 This
151.766 515.647 5.11994 6.79991 is
158.399 515.647 7.37591 6.79991 an
167.357 515.647 14.9758 6.79991 open

36.0005 526.645 20.4557 6.79991 access
57.9963 526.645 17.9278 6.79991 article
77.4416 526.645 31.7996 6.79991 distributed
110.72 526.645 17.4398 6.79991 under
129.712 526.645 9.42388 6.79991 the
140.654 526.645 17.5118 6.79991 terms
159.703 526.645 6.04792 6.79991 of
167.3 526.645 9.42388 6.79991 the

36.0005 537.644 23.9757 6.79991 Creative
61.5114 537.644 31.2876 6.79991 Commons
94.223 537.644 31.3116 6.79991 Attribution
127.048 537.644 24.6477 6.79991 License,
153.183 537.644 17.8478 6.79991 which

36.0005 548.642 22.8557 6.79991 permits
60.3778 548.642 35.5772 6.79991 unrestricted
97.511 548.642 12.5518 6.79991 use,
111.628 548.642 35.4724 6.79991 distribution,
148.648 548.642 11.1759 6.79991 and

36.0005 559.64 38.2715 6.79991 reproduction
75.7408 559.64 5.54393 6.79991 in
82.828 559.64 10.7519 6.79991 any
95.1302 559.64 26.6157 6.79991 medium,
123.193 559.64 26.1597 6.79991 provided
150.859 559.64 9.42388 6.79991 the
161.857 559.64 22.0717 6.79991 original

36.0005 570.639 19.4878 6.79991 author
56.9763 570.639 11.1759 6.79991 and
69.6753 570.639 20.3917 6.79991 source
91.6151 570.639 9.41588 6.79991 are
102.557 570.639 25.7837 6.79991 credited.

36.0005 587.647 14.5598 6.79991 Data
52.1003 587.647 34.7572 6.79991 Availability
88.3839 587.647 33.8556 6.79991 Statement:
123.703 587.647 7.50391 6.79991 All
132.774 587.647 23.5597 6.79991 relevant
157.832 587.647 12.7998 6.79991 data
172.176 587.647 9.41588 6.79991 are

36.0005 598.645 18.0638 6.79991 within
55.5587 598.645 9.42388 6.79991 the
66.557 598.645 33.8316 6.79991 manuscript
101.877 598.645 11.1759 6.79991 and
114.576 598.645 7.16791 6.79991 its
123.307 598.645 33.1548 6.79991 Supporting

36.0005 609.644 34.9756 6.79991 Information
72.4529 609.644 13.8878 6.79991 files.

36.0005 626.651 27.0957 6.79991 Funding:
64.573 626.651 11.1759 6.79991 The
77.272 626.651 33.1276 6.79991 Gorongosa
111.854 626.651 21.0237 6.79991 Project
134.418 626.651 20.8237 6.79991 funded
156.755 626.651 6.66392 6.79991 all
164.976 626.651 6.04792 6.79991 of
172.572 626.651 9.42388 6.79991 the

36.0005 637.65 30.8876 6.79991 post-2002
68.3713 637.65 15.8798 6.79991 aerial
85.7759 637.65 23.3437 6.79991 surveys
110.664 637.65 5.54393 6.79991 in
117.751 637.65 17.5118 6.79991 terms
136.742 637.65 6.04792 6.79991 of
144.339 637.65 22.9437 6.79991 aircraft/

36.0005 648.648 29.3276 6.79991 helicopter
66.8402 648.648 13.1838 6.79991 hire,
81.524 648.648 12.9358 6.79991 pilot
95.9806 648.648 11.1759 6.79991 and
108.736 648.648 23.5597 6.79991 external
133.795 648.648 29.6076 6.79991 observers
164.919 648.648 8.71189 6.79991 (M
175.124 648.648 12.7118 6.79991 Peel

36.0005 659.646 15.3998 6.79991 2014
52.8939 659.646 3.99995 6.79991 –
58.4499 659.646 15.3998 6.79991 2018
75.3441 659.646 24.6637 6.79991 counts).
101.537 659.646 11.1759 6.79991 The
114.236 659.646 22.6317 6.79991 salaries
138.386 659.646 6.04792 6.79991 of
145.983 659.646 6.24792 6.79991 M
153.75 659.646 27.9837 6.79991 Stalmans

36.0005 670.644 17.8638 6.79991 (2012
55.3883 670.644 3.99995 6.79991 –
60.8874 670.644 15.3998 6.79991 2018
77.8384 670.644 22.8637 6.79991 counts)
102.217 670.644 11.1759 6.79991 and
114.916 670.644 3.99995 6.79991 T
120.415 670.644 23.5517 6.79991 Massad
145.53 670.644 17.8638 6.79991 (2014
164.862 670.644 11.1759 6.79991 and

36.0005 681.643 15.3998 6.79991 2018
52.8939 681.643 22.8637 6.79991 counts)
77.272 681.643 14.5438 6.79991 were
93.3726 681.643 12.7198 6.79991 paid
107.602 681.643 7.37591 6.79991 by
116.504 681.643 9.42388 6.79991 the
127.502 681.643 32.9988 6.79991 Gorongosa
162.084 681.643 22.8237 6.79991 Project.

36.0005 692.642 4.91194 6.79991 R
42.4637 692.642 20.9437 6.79991 Pringle
64.913 692.642 10.7519 6.79991 has
77.2152 692.642 24.8877 6.79991 received
103.634 692.642 22.7917 6.79991 funding
127.899 692.642 14.5598 6.79991 from
143.999 692.642 9.42388 6.79991 the
154.941 692.642 14.5518 6.79991 Greg
171.041 692.642 12.7198 6.79991 Carr

36.0005 703.64 35.1436 6.79991 Foundation,
72.6233 703.64 26.1677 6.79991 although
100.289 703.64 9.84788 6.79991 not
111.628 703.64 10.9679 6.79991 tied
124.157 703.64 6.04792 6.79991 to
131.754 703.64 10.9679 6.79991 this
144.226 703.64 27.6077 6.79991 research.
173.366 703.64 11.1759 6.79991 The

200.012 77.3311 69.7518 11.0999 Introduction

200.012 96.198 45.74 8.5 Ecosystems
247.917 96.198 42.36 8.5 worldwide
292.477 96.198 18.41 8.5 have
313.056 96.198 19.04 8.5 been
334.203 96.198 27.25 8.5 altered
363.626 96.198 9.64 8.5 by
375.362 96.198 24.78 8.5 faunal
402.347 96.198 32.2 8.5 declines
436.703 96.198 15.12 8.5 and
453.937 96.198 49.78 8.5 extirpations,
505.925 96.198 24.3 8.5 which
532.4 96.198 18.41 8.5 have
552.923 96.198 23.02 8.5 accel-

200.012 109.237 24.79 8.5 erated
226.997 109.237 29.11 8.5 sharply
258.291 109.237 17.58 8.5 over
278.077 109.237 12.52 8.5 the
292.761 109.237 16.11 8.5 past
311.072 109.237 30.48 8.5 century
343.727 109.237 20.82 8.5 [1,2].
366.744 109.237 22.32 8.5 Large
391.292 109.237 48.17 8.5 mammalian
441.749 109.237 42.11 8.5 herbivores
486.082 109.237 11.09 8.5 (>
499.405 109.237 4.79 8.5 5
506.321 109.237 13.03 8.5 kg)
521.572 109.237 12.31 8.5 are
536.028 109.237 31.88 8.5 particu-

200.012 122.219 17.54 8.5 larly
219.741 122.219 41.81 8.5 vulnerable
263.734 122.219 8.08 8.5 to
273.995 122.219 58.33 8.5 anthropogenic
334.6 122.219 31.18 8.5 impacts
367.992 122.219 14.81 8.5 due
384.999 122.219 8.08 8.5 to
395.261 122.219 18.89 8.5 their
416.35 122.219 36.63 8.5 extensive
455.185 122.219 27.65 8.5 habitat
485.062 122.219 55.63 8.5 requirements,
542.945 122.219 17.68 8.5 long

200.012 135.202 42.84 8.5 generation
245.082 135.202 23.94 8.5 times,
271.217 135.202 15.12 8.5 and
288.509 135.202 28.57 8.5 human
319.293 135.202 32.8 8.5 demand
354.329 135.202 11.68 8.5 for
368.162 135.202 18.89 8.5 their
389.251 135.202 22.01 8.5 meat,
413.459 135.202 23.32 8.5 hides,
438.971 135.202 25.41 8.5 horns,
466.58 135.202 15.12 8.5 and
483.871 135.202 20.55 8.5 ivory
506.662 135.202 23.73 8.5 [3–6].
532.57 135.202 30.16 8.5 Indeed,

200.012 148.241 24.9 8.5 recent
227.054 148.241 31.2 8.5 decades
260.389 148.241 18.41 8.5 have
280.968 148.241 17.58 8.5 seen
300.697 148.241 24.05 8.5 global
326.889 148.241 42.53 8.5 reductions
371.62 148.241 7.97 8.5 of
381.711 148.241 58.57 8.5 large-mammal
442.542 148.241 49.51 8.5 populations,
494.246 148.241 37.94 8.5 especially
534.384 148.241 11.68 8.5 for
548.217 148.241 27.75 8.5 species

200.012 161.224 21.99 8.5 >100
224.163 161.224 9.64 8.5 kg
236.011 161.224 13.82 8.5 [5].
251.999 161.224 48.67 8.5 Throughout
302.908 161.224 19.86 8.5 most
324.962 161.224 7.97 8.5 of
335.11 161.224 26.92 8.5 Africa,
364.25 161.224 12.52 8.5 the
378.933 161.224 43.72 8.5 abundance
424.911 161.224 7.97 8.5 of
435.059 161.224 22.57 8.5 many
459.833 161.224 16.32 8.5 taxa
478.315 161.224 39.14 8.5 decreased
519.701 161.224 9.64 8.5 by
531.493 161.224 24.79 8.5 nearly
558.479 161.224 17.1 8.5 60%

200.012 174.206 33.08 8.5 between
235.274 174.206 19.04 8.5 1970
256.534 174.206 15.12 8.5 and
273.825 174.206 19.04 8.5 2005
295.028 174.206 11.57 8.5 [7]
308.805 174.206 14.81 8.5 due
325.756 174.206 8.08 8.5 to
336.017 174.206 27.65 8.5 habitat
365.894 174.206 17.01 8.5 loss,
385.113 174.206 31.77 8.5 climatic
419.072 174.206 23.27 8.5 shifts,
444.583 174.206 49.99 8.5 exploitation,
496.854 174.206 15.12 8.5 and
514.145 174.206 52.85 8.5 displacement

200.012 187.246 9.64 8.5 by
211.804 187.246 33.06 8.5 growing
247.123 187.246 28.57 8.5 human
277.85 187.246 47.26 8.5 populations
327.4 187.246 20.82 8.5 [8,9].

211.974 200.228 28.26 8.5 Armed
242.474 200.228 28.57 8.5 human
273.258 200.228 30.01 8.5 conflict
305.46 200.228 14.08 8.5 can
321.73 200.228 15.49 8.5 also
339.418 200.228 9.33 8.5 be
350.927 200.228 4.37 8.5 a
357.447 200.228 25.93 8.5 potent
385.566 200.228 24.16 8.5 driver
411.928 200.228 7.97 8.5 of
422.076 200.228 29.48 8.5 wildlife
453.767 200.228 32.2 8.5 declines
488.18 200.228 15.12 8.5 and
505.471 200.228 47.01 8.5 biodiversity
554.737 200.228 17.01 8.5 loss,

200.012 213.211 13.35 8.5 but
215.545 213.211 9.28 8.5 its
226.997 213.211 39.4 8.5 ecological
268.609 213.211 31.18 8.5 impacts
302.058 213.211 28.63 8.5 remain
332.899 213.211 50.59 8.5 little-studied
385.68 213.211 33.23 8.5 [10–13].
421.169 213.211 15.64 8.5 The
438.971 213.211 34.06 8.5 majority
475.254 213.211 7.97 8.5 of
485.402 213.211 18.51 8.5 wars
506.095 213.211 20.24 8.5 since
528.545 213.211 19.04 8.5 1950
549.805 213.211 18.41 8.5 have

200.012 226.194 19.04 8.5 been
221.215 226.194 26.13 8.5 fought
249.561 226.194 8.18 8.5 in
259.936 226.194 30.63 8.5 tropical
292.761 226.194 24.67 8.5 Africa
319.633 226.194 15.12 8.5 and
336.924 226.194 17.46 8.5 Asia
356.596 226.194 18.57 8.5 [14],
377.403 226.194 22.78 8.5 home
402.347 226.194 8.08 8.5 to
412.609 226.194 12.52 8.5 the
427.292 226.194 30.74 8.5 greatest
460.23 226.194 34.23 8.5 diversity
496.684 226.194 7.97 8.5 of
506.832 226.194 24.68 8.5 extant
533.761 226.194 19.41 8.5 large

200.012 239.233 41.55 8.5 mammals.
243.778 239.233 8.91 8.5 In
254.89 239.233 26.92 8.5 Africa,
284.03 239.233 25.76 8.5 armed
311.979 239.233 30.01 8.5 conflict
344.181 239.233 13.24 8.5 has
359.601 239.233 36.12 8.5 generally
397.982 239.233 19.04 8.5 been
419.185 239.233 40.33 8.5 associated
461.761 239.233 17.78 8.5 with
481.717 239.233 29.48 8.5 wildlife
513.408 239.233 32.2 8.5 declines
547.82 239.233 7.97 8.5 of

200.012 252.215 29.94 8.5 varying
232.156 252.215 43.08 8.5 magnitude
277.454 252.215 18.57 8.5 [12].
298.26 252.215 23.47 8.5 These
323.885 252.215 32.2 8.5 declines
358.297 252.215 14.08 8.5 can
374.568 252.215 22.29 8.5 result
399.059 252.215 19.86 8.5 from
421.112 252.215 4.37 8.5 a
427.689 252.215 24.16 8.5 tangle
453.994 252.215 7.97 8.5 of
464.142 252.215 46.31 8.5 interrelated
512.728 252.215 52.05 8.5 mechanisms,

200.012 265.198 38.19 8.5 including
240.433 265.198 28.57 8.5 human
271.217 265.198 55.1 8.5 displacement,
328.534 265.198 39.71 8.5 livelihood
370.486 265.198 17.01 8.5 loss,
389.705 265.198 29.84 8.5 erosion
421.736 265.198 7.97 8.5 of
431.884 265.198 22.38 8.5 social
456.489 265.198 36.89 8.5 networks
495.606 265.198 15.12 8.5 and
512.898 265.198 28.32 8.5 norms,
543.398 265.198 27.24 8.5 relaxa-

200.012 278.237 16.22 8.5 tion
218.437 278.237 8.81 8.5 or
229.378 278.237 55.78 8.5 disintegration
287.431 278.237 7.97 8.5 of
297.579 278.237 48.22 8.5 governance,
348.036 278.237 20.56 8.5 trade
370.769 278.237 7.97 8.5 of
380.917 278.237 27.48 8.5 animal
410.624 278.237 35.32 8.5 products
448.155 278.237 11.68 8.5 for
462.044 278.237 41.63 8.5 weaponry,
505.868 278.237 15.12 8.5 and
523.216 278.237 29.12 8.5 general
554.51 278.237 17.06 8.5 eco-

200.012 291.22 25.65 8.5 nomic
227.848 291.22 29.83 8.5 malaise
259.936 291.22 18.57 8.5 [10].
280.685 291.22 9.85 8.5 At
292.704 291.22 12.52 8.5 the
307.387 291.22 20.38 8.5 same
329.951 291.22 20.34 8.5 time,
352.514 291.22 36.16 8.5 however,
390.895 291.22 25.36 8.5 efforts
418.448 291.22 8.08 8.5 to
428.709 291.22 35.12 8.5 conserve
466.07 291.22 15.12 8.5 and
483.361 291.22 27.56 8.5 restore
513.124 291.22 28.07 8.5 heavily

200.012 304.202 37.08 8.5 impacted
239.299 304.202 42.73 8.5 landscapes
284.257 304.202 23.75 8.5 create
310.222 304.202 54.05 8.5 opportunities
366.518 304.202 8.08 8.5 to
376.779 304.202 44.94 8.5 rehabilitate
423.947 304.202 58.57 8.5 large-mammal
484.778 304.202 48.3 8.5 assemblages
535.348 304.202 37.56 8.5 following

200.012 317.242 18.41 8.5 such
220.591 317.242 60.15 8.5 mass-mortality
283.009 317.242 25.1 8.5 events
310.335 317.242 33.23 8.5 [15–17].

211.974 330.224 47.55 8.5 Successfully
261.806 330.224 39.78 8.5 managing
303.816 330.224 12.52 8.5 the
318.499 330.224 53.91 8.5 rehabilitation
374.681 330.224 7.97 8.5 of
384.829 330.224 58.57 8.5 large-mammal
445.66 330.224 47.26 8.5 populations
495.153 330.224 25.99 8.5 ideally
523.386 330.224 32.51 8.5 requires
558.082 330.224 9.85 8.5 an

200.012 343.207 58.44 8.5 understanding
260.673 343.207 7.97 8.5 of
270.821 343.207 63.46 8.5 pre-disturbance
336.584 343.207 37.94 8.5 baselines,
376.722 343.207 12.52 8.5 the
391.406 343.207 18.89 8.5 rates
412.495 343.207 15.12 8.5 and
429.786 343.207 46.68 8.5 magnitudes
478.769 343.207 7.97 8.5 of
488.917 343.207 58.33 8.5 anthropogenic

200.012 356.19 34.45 8.5 declines,
236.692 356.19 15.12 8.5 and
253.983 356.19 67.16 8.5 post-disturbance
323.431 356.19 43.66 8.5 population
369.295 356.19 44.32 8.5 trajectories
415.84 356.19 18.57 8.5 [17].
436.646 356.19 8.91 8.5 In
447.701 356.19 33.75 8.5 addition
483.701 356.19 8.08 8.5 to
493.962 356.19 40.78 8.5 informing
536.992 356.19 12.52 8.5 the
551.675 356.19 18.31 8.5 con-

200.012 369.229 36.63 8.5 servation
238.846 369.229 15.12 8.5 and
256.137 369.229 52.1 8.5 management
310.505 369.229 7.97 8.5 of
320.653 369.229 42.53 8.5 recovering
365.384 369.229 58.57 8.5 large-mammal
426.271 369.229 49.51 8.5 populations,
478.032 369.229 34.48 8.5 studying
514.712 369.229 20.35 8.5 these
537.276 369.229 38.33 8.5 dynamics

200.012 382.211 14.08 8.5 can
216.282 382.211 28 8.5 inform
246.499 382.211 55.62 8.5 long-standing
304.326 382.211 29.74 8.5 debates
336.3 382.211 8.18 8.5 in
346.675 382.211 30.26 8.5 ecology
379.103 382.211 22.74 8.5 about
404.048 382.211 46.62 8.5 community
452.917 382.211 53.01 8.5 (re)assembly,
508.192 382.211 50.97 8.5 competition,

200.012 395.194 27.75 8.5 species
229.945 395.194 47.86 8.5 coexistence,
280.061 395.194 15.12 8.5 and
297.353 395.194 12.52 8.5 the
312.093 395.194 26.35 8.5 degree
340.609 395.194 8.08 8.5 to
350.87 395.194 24.3 8.5 which
377.346 395.194 52.57 8.5 communities
432.224 395.194 25.42 8.5 return
459.833 395.194 8.08 8.5 to
470.038 395.194 67.27 8.5 pre-perturbation
539.6 395.194 32.09 8.5 baseline

200.012 408.233 24.01 8.5 states.
226.203 408.233 19.56 8.5 Such
247.973 408.233 20.6 8.5 work
270.764 408.233 6.3 8.5 is
279.211 408.233 45.88 8.5 particularly
327.343 408.233 32 8.5 relevant
361.529 408.233 8.18 8.5 in
371.903 408.233 30.15 8.5 African
404.275 408.233 37.98 8.5 savannas,
444.47 408.233 24.31 8.5 where
471.002 408.233 32.91 8.5 episodic
506.151 408.233 58.57 8.5 large-mammal

200.012 421.216 30.1 8.5 die-offs
232.326 421.216 17.09 8.5 may
251.602 421.216 27.7 8.5 govern
281.535 421.216 40.69 8.5 ecosystem
324.452 421.216 36.02 8.5 structure
362.662 421.216 15.12 8.5 and
379.954 421.216 36.32 8.5 function:
418.505 421.216 35.77 8.5 windows
456.489 421.216 7.97 8.5 of
466.637 421.216 28.91 8.5 relaxed
497.761 421.216 29.62 8.5 grazing
529.622 421.216 8.81 8.5 or
540.564 421.216 27.8 8.5 brows-

200.012 434.199 12.82 8.5 ing
215.035 434.199 35.8 8.5 pressure,
253.019 434.199 11.68 8.5 for
266.909 434.199 35.52 8.5 example,
304.609 434.199 12.31 8.5 are
319.123 434.199 31.51 8.5 thought
352.855 434.199 8.08 8.5 to
363.116 434.199 22.63 8.5 shape
387.947 434.199 12.52 8.5 the
402.631 434.199 34.73 8.5 dynamic
439.594 434.199 38.57 8.5 tree-grass
480.356 434.199 30.16 8.5 balance
512.728 434.199 8.18 8.5 in
523.102 434.199 30.15 8.5 African

200.012 447.238 35.73 8.5 savannas
237.939 447.238 33.23 8.5 [18–21].

211.974 460.22 31.72 8.5 Because
245.932 460.22 40.98 8.5 controlled
289.132 460.22 52.33 8.5 experimental
343.727 460.22 57.69 8.5 manipulations
403.651 460.22 7.97 8.5 of
413.799 460.22 58.57 8.5 large-mammal
474.63 460.22 32.2 8.5 declines
509.043 460.22 15.12 8.5 and
526.391 460.22 34.29 8.5 recovery
562.844 460.22 7.35 8.5 at

200.012 473.203 32 8.5 relevant
234.197 473.203 25.56 8.5 spatial
261.976 473.203 15.12 8.5 and
279.268 473.203 36.15 8.5 temporal
317.649 473.203 22.49 8.5 scales
342.367 473.203 12.31 8.5 are
356.823 473.203 39.87 8.5 infeasible,
398.946 473.203 20.46 8.5 there
421.566 473.203 6.3 8.5 is
430.07 473.203 40.63 8.5 enormous
472.929 473.203 20.87 8.5 value
496.003 473.203 8.18 8.5 in
506.321 473.203 56.62 8.5 characterizing

200.012 486.242 12.52 8.5 the
214.695 486.242 55.21 8.5 multi-decadal
272.181 486.242 43.66 8.5 population
318.045 486.242 25.31 8.5 trends
345.541 486.242 7.97 8.5 of
355.689 486.242 14.77 8.5 real
372.64 486.242 48.3 8.5 assemblages
423.21 486.242 25.2 8.5 before
450.649 486.242 15.12 8.5 and
467.941 486.242 18.16 8.5 after
488.293 486.242 60.15 8.5 mass-mortality

200.012 499.225 27.35 8.5 events.
229.548 499.225 19.03 8.5 Data
250.751 499.225 19.86 8.5 from
272.805 499.225 16.02 8.5 well
291.06 499.225 50.24 8.5 documented
343.5 499.225 56.52 8.5 perturbations,
402.291 499.225 21.49 8.5 while
425.988 499.225 26.62 8.5 scarce,
454.788 499.225 14.08 8.5 can
471.059 499.225 9.33 8.5 be
482.567 499.225 18.41 8.5 used
503.147 499.225 8.08 8.5 to
513.408 499.225 51.91 8.5 parameterize

200.012 512.207 28.84 8.5 models
231.022 512.207 7.97 8.5 of
241.17 512.207 43.66 8.5 population
287.091 512.207 38.33 8.5 dynamics
327.683 512.207 15.12 8.5 and
344.974 512.207 31.93 8.5 viability
379.103 512.207 28.07 8.5 [20,22]
409.434 512.207 15.12 8.5 and
426.725 512.207 30.67 8.5 provide
459.607 512.207 48.51 8.5 information
510.347 512.207 10.58 8.5 on
523.102 512.207 12.52 8.5 the
537.786 512.207 33.29 8.5 sensitiv-

200.012 525.19 10.22 8.5 ity
212.427 525.19 7.97 8.5 of
222.575 525.19 47.26 8.5 populations
272.068 525.19 8.08 8.5 to
282.329 525.19 36.77 8.5 changing
321.334 525.19 58.86 8.5 environmental
382.448 525.19 42.52 8.5 conditions
427.179 525.19 15.12 8.5 and
444.47 525.19 12.52 8.5 the
459.153 525.19 54.74 8.5 consequences
516.186 525.19 7.97 8.5 of
526.334 525.19 13.04 8.5 de-
541.527 525.19 15.12 8.5 and
558.819 525.19 11.48 8.5 re-

200.012 538.229 38.5 8.5 faunation
240.717 538.229 10.58 8.5 on
253.473 538.229 41.17 8.5 vegetation
296.899 538.229 38.27 8.5 structure,
337.378 538.229 27.91 8.5 carbon
367.481 538.229 30.84 8.5 storage,
400.533 538.229 15.12 8.5 and
417.824 538.229 40.69 8.5 ecosystem
460.741 538.229 30.84 8.5 services
493.792 538.229 42.07 8.5 [19,23,24].
538.126 538.229 20.59 8.5 Most

200.012 551.212 40.28 8.5 long-term
242.474 551.212 27.65 8.5 studies
272.351 551.212 7.97 8.5 of
282.499 551.212 58.57 8.5 large-mammal
343.33 551.212 43.66 8.5 population
389.251 551.212 25.31 8.5 trends
416.747 551.212 21.74 8.5 come
440.671 551.212 19.86 8.5 from
462.781 551.212 37.26 8.5 countries
502.24 551.212 17.78 8.5 with
522.195 551.212 36.18 8.5 relatively
560.633 551.212 14.45 8.5 sta-

200.012 564.195 11.79 8.5 ble
213.958 564.195 33.81 8.5 histories
250.014 564.195 15.12 8.5 and
267.306 564.195 39.4 8.5 successful
308.918 564.195 84.34 8.5 wildlife-conservation
395.601 564.195 27.61 8.5 efforts,
425.421 564.195 18.41 8.5 such
446.001 564.195 7.97 8.5 as
456.148 564.195 27.6 8.5 Kenya,
485.969 564.195 39.12 8.5 Tanzania,
527.298 564.195 15.12 8.5 and
544.589 564.195 23.37 8.5 South

200.012 577.234 24.67 8.5 Africa
226.884 577.234 19.05 8.5 (e.g.,
248.143 577.234 43.62 8.5 [9,25–27]).
294.008 577.234 43.19 8.5 Long-term
339.418 577.234 29.85 8.5 records
371.45 577.234 7.97 8.5 of
381.598 577.234 58.57 8.5 large-mammal
442.429 577.234 47.26 8.5 populations
491.978 577.234 8.18 8.5 in
502.296 577.234 37.26 8.5 countries
541.811 577.234 17.78 8.5 with

200.012 590.216 24.9 8.5 recent
227.111 590.216 33.81 8.5 histories
263.11 590.216 7.97 8.5 of
273.258 590.216 14.91 8.5 war
290.379 590.216 15.12 8.5 and
307.671 590.216 39.45 8.5 instability
349.34 590.216 12.31 8.5 are
363.853 590.216 26.62 8.5 scarce,
392.653 590.216 39.22 8.5 providing
434.152 590.216 20.66 8.5 scant
456.999 590.216 19.29 8.5 basis
478.485 590.216 11.68 8.5 for
492.318 590.216 35.78 8.5 assessing
530.359 590.216 17.2 8.5 how
549.748 590.216 20.76 8.5 wild-

200.012 603.199 12.26 8.5 life
214.468 603.199 48.3 8.5 assemblages
264.981 603.199 47.26 8.5 disassemble
314.53 603.199 15.12 8.5 and
331.822 603.199 43.67 8.5 reassemble
377.743 603.199 8.18 8.5 in
388.061 603.199 12.52 8.5 the
402.801 603.199 20.39 8.5 wake
425.364 603.199 7.97 8.5 of
435.512 603.199 30.01 8.5 conflict
467.714 603.199 15.12 8.5 and
485.005 603.199 21.29 8.5 other
508.532 603.199 23.88 8.5 major
534.611 603.199 40.59 8.5 anthropo-

200.012 616.238 21.28 8.5 genic
223.482 616.238 56.52 8.5 perturbations.

211.974 629.221 22.12 8.5 Here,
236.295 629.221 11.1 8.5 we
249.561 629.221 29.43 8.5 present
281.252 629.221 16.95 8.5 data
300.357 629.221 19.86 8.5 from
322.411 629.221 9.54 8.5 15
334.146 629.221 21.76 8.5 aerial
358.07 629.221 29.53 8.5 surveys
389.818 629.221 8.18 8.5 in
400.193 629.221 58.66 8.5 Mozambique’s
461.137 629.221 44.12 8.5 Gorongosa
507.512 629.221 34.69 8.5 National
544.419 629.221 18.62 8.5 Park

200.012 642.204 29.14 8.5 (GNP),
231.362 642.204 36.87 8.5 spanning
270.48 642.204 14.97 8.5 half
287.601 642.204 4.37 8.5 a
294.178 642.204 30.48 8.5 century
326.833 642.204 19.86 8.5 from
348.886 642.204 19.04 8.5 1968
370.146 642.204 8.08 8.5 to
380.351 642.204 21.29 8.5 2018.
403.878 642.204 20.11 8.5 GNP
426.158 642.204 14.8 8.5 was
443.166 642.204 19.04 8.5 once
464.369 642.204 25.83 8.5 touted
492.375 642.204 7.97 8.5 as
502.58 642.204 14.81 8.5 one
519.531 642.204 7.97 8.5 of
529.679 642.204 30.41 8.5 Africa’s

200.012 655.243 19.86 8.5 most
222.065 655.243 44.57 8.5 spectacular
268.836 655.243 32.82 8.5 national
303.872 655.243 24.05 8.5 parks,
330.178 655.243 17.78 8.5 with
350.133 655.243 31.18 8.5 massive
383.525 655.243 22.12 8.5 herds
407.846 655.243 7.97 8.5 of
417.994 655.243 29.48 8.5 wildlife
449.686 655.243 34.1 8.5 roaming
486.025 655.243 9.28 8.5 its
497.477 655.243 14.76 8.5 Rift
514.428 655.243 24.99 8.5 Valley
541.641 655.243 23.42 8.5 grass-

200.012 668.225 21.18 8.5 lands
223.369 668.225 15.12 8.5 and
240.66 668.225 45.65 8.5 woodlands.
288.565 668.225 29.15 8.5 During
319.916 668.225 58.66 8.5 Mozambique’s
380.861 668.225 52.08 8.5 post-colonial
435.172 668.225 16.59 8.5 civil
453.994 668.225 14.91 8.5 war
471.059 668.225 52.23 8.5 (1977–1992),
525.54 668.225 8.18 8.5 in
535.915 668.225 24.3 8.5 which

200.012 681.208 38.14 8.5 hundreds
240.377 681.208 7.97 8.5 of
250.525 681.208 40.9 8.5 thousands
293.611 681.208 7.97 8.5 of
303.759 681.208 26.34 8.5 people
332.332 681.208 19.04 8.5 were
353.535 681.208 24.33 8.5 killed,
380.067 681.208 38.2 8.5 hostilities
420.546 681.208 22.22 8.5 raged
444.923 681.208 8.18 8.5 in
455.298 681.208 15.12 8.5 and
472.589 681.208 29.16 8.5 around
503.94 681.208 12.52 8.5 the
518.68 681.208 20.45 8.5 park.
541.301 681.208 17.67 8.5 This

200.012 694.191 32.26 8.5 conflict,
234.481 694.191 15.12 8.5 and
251.772 694.191 12.52 8.5 the
266.455 694.191 30.26 8.5 poverty
298.94 694.191 15.6 8.5 that
316.741 694.191 35.48 8.5 persisted
354.442 694.191 18.16 8.5 after
374.795 694.191 12.52 8.5 the
389.478 694.191 31.24 8.5 fighting
422.927 694.191 26.77 8.5 ended,
451.897 694.191 31.58 8.5 severely
485.685 694.191 32.25 8.5 reduced
520.154 694.191 12.52 8.5 the
534.838 694.191 23.94 8.5 park’s

428.882 40.4611 44.7434 7.39991 War-induced
475.256 40.4611 23.5197 7.39991 wildlife
500.428 40.4611 28.8716 7.39991 collapse
530.929 40.4611 13.1678 7.39991 and
545.782 40.4611 30.2956 7.39991 recovery

36 750.256 21.1997 7.39991 PLOS
58.8469 750.256 17.2398 7.39991 ONE
77.7819 750.256 2.07997 7.39991 |
81.5802 750.256 156.363 7.39991 https://doi.org/10.1371/journal.pone.0212864
245.876 750.256 21.9997 7.39991 March
269.573 750.256 10.9999 7.39991 13,
282.272 750.256 17.5438 7.39991 2019

557.118 750.256 4.41594 7.39991 2
563.241 750.256 2.24797 7.39991 /
567.209 750.256 8.79189 7.39991 18

36 77.9253 22.8637 6.79991 funders
60.3773 77.9253 11.1759 6.79991 had
73.0763 77.9253 7.7999 6.79991 no
82.4306 77.9253 11.3839 6.79991 role
95.3001 77.9253 5.54393 6.79991 in
102.443 77.9253 16.5998 6.79991 study
120.529 77.9253 21.6957 6.79991 design,
143.715 77.9253 12.7998 6.79991 data
158.059 77.9253 28.4076 6.79991 collection

36 88.9235 11.1759 6.79991 and
48.699 88.9235 25.7677 6.79991 analysis,
75.9683 88.9235 24.8157 6.79991 decision
102.33 88.9235 6.04792 6.79991 to
109.927 88.9235 23.6637 6.79991 publish,
135.098 88.9235 6.46392 6.79991 or
143.092 88.9235 34.0476 6.79991 preparation
178.581 88.9235 6.04792 6.79991 of

36 99.9226 9.42388 6.79991 the
46.9415 99.9226 35.6316 6.79991 manuscript.

36 116.93 33.5596 6.79991 Competing
71.0356 116.93 28.8932 6.79991 interests:
101.536 116.93 11.1759 6.79991 The
114.236 116.93 22.8637 6.79991 authors
138.556 116.93 14.1278 6.79991 have
154.26 116.93 25.3117 6.79991 declared

36 127.929 11.4719 6.79991 that
48.9822 127.929 7.7999 6.79991 no
58.3365 127.929 31.7916 6.79991 competing
91.6153 127.929 25.6077 6.79991 interests
118.714 127.929 15.7198 6.79991 exist.

200.012 77.886 19.41 8.5 large
221.611 77.886 41.55 8.5 mammals.
265.378 77.886 32.29 8.5 Wildlife
299.904 77.886 34.29 8.5 recovery
336.414 77.886 13.24 8.5 has
351.834 77.886 44.27 8.5 accelerated
398.322 77.886 20.24 8.5 since
420.772 77.886 21.29 8.5 2004,
444.243 77.886 42.41 8.5 coinciding
488.917 77.886 17.78 8.5 with
508.873 77.886 12.52 8.5 the
523.556 77.886 43.41 8.5 public-pri-

200.012 90.925 16.12 8.5 vate
218.323 90.925 64.89 8.5 co-management
285.447 90.925 34.91 8.5 activities
322.581 90.925 7.97 8.5 of
332.785 90.925 12.52 8.5 the
347.469 90.925 44.12 8.5 Gorongosa
393.787 90.925 28.39 8.5 Project
424.401 90.925 18.57 8.5 [28].
445.15 90.925 16.48 8.5 Our
463.859 90.925 15.21 8.5 aim
481.263 90.925 8.18 8.5 in
491.581 90.925 14.55 8.5 this
508.362 90.925 22.63 8.5 paper
533.194 90.925 6.3 8.5 is
541.641 90.925 8.08 8.5 to
551.902 90.925 17.47 8.5 pro-

200.012 103.907 16.74 8.5 vide
218.947 103.907 4.37 8.5 a
225.466 103.907 41.37 8.5 systematic
269.063 103.907 47.54 8.5 quantitative
318.839 103.907 44.4 8.5 accounting
365.497 103.907 7.97 8.5 of
375.645 103.907 18.41 8.5 both
396.224 103.907 12.52 8.5 the
410.965 103.907 43.08 8.5 magnitude
456.262 103.907 7.97 8.5 of
466.41 103.907 50.82 8.5 war-induced
519.474 103.907 32.2 8.5 declines
553.886 103.907 15.12 8.5 and

200.012 116.89 12.52 8.5 the
214.695 116.89 38.33 8.5 dynamics
255.23 116.89 7.97 8.5 of
265.378 116.89 12.52 8.5 the
280.118 116.89 33.06 8.5 ongoing
315.381 116.89 34.29 8.5 recovery
351.891 116.89 11.68 8.5 for
365.724 116.89 12.52 8.5 the
380.464 116.89 23.88 8.5 major
406.542 116.89 61.38 8.5 large-herbivore
470.152 116.89 27.75 8.5 species
500.142 116.89 8.18 8.5 in
510.46 116.89 22.36 8.5 GNP.
535.065 116.89 32.38 8.5 Existing

200.012 129.873 16.95 8.5 data
219.117 129.873 12.31 8.5 are
233.63 129.873 45.03 8.5 insufficient
280.912 129.873 8.08 8.5 to
291.173 129.873 25.83 8.5 enable
319.179 129.873 43.87 8.5 assessment
365.327 129.873 7.97 8.5 of
375.475 129.873 12.52 8.5 the
390.158 129.873 49.8 8.5 mechanisms
442.202 129.873 43.78 8.5 underlying
488.236 129.873 12.52 8.5 the
502.92 129.873 32.51 8.5 patterns
537.616 129.873 11.1 8.5 we
550.882 129.873 21.18 8.5 iden-

200.012 142.912 15.34 8.5 tify,
217.529 142.912 24.3 8.5 which
244.062 142.912 12.31 8.5 are
258.518 142.912 12.52 8.5 the
273.202 142.912 27.97 8.5 subject
303.419 142.912 7.97 8.5 of
313.567 142.912 33.06 8.5 ongoing
348.829 142.912 35.6 8.5 research.
386.643 142.912 29.02 8.5 Rather,
417.881 142.912 11.1 8.5 we
431.147 142.912 17.06 8.5 seek
450.366 142.912 8.08 8.5 to
460.627 142.912 40.75 8.5 synthesize
503.6 142.912 12.52 8.5 the
518.34 142.912 34.44 8.5 available
554.964 142.912 19.2 8.5 data,

200.012 155.894 48.07 8.5 characterize
250.298 155.894 25.78 8.5 salient
278.304 155.894 27.56 8.5 trends,
308.068 155.894 15.12 8.5 and
325.359 155.894 29 8.5 suggest
356.596 155.894 20.13 8.5 ideas
378.933 155.894 8.08 8.5 to
389.138 155.894 22.11 8.5 guide
413.459 155.894 24.37 8.5 future
440.048 155.894 29.9 8.5 studies.

200.012 181.249 51.5348 11.0999 Materials
254.097 181.249 21.2806 11.0999 and
277.965 181.249 49.73 11.0999 methods

200.012 199.853 28.8214 10.1999 Study
231.419 199.853 17.3531 10.1999 site

200.012 218.144 15.64 8.5 The
217.813 218.144 20.11 8.5 GNP
240.15 218.144 14.8 8.5 was
257.101 218.144 45.33 8.5 proclaimed
304.666 218.144 8.18 8.5 in
315.041 218.144 19.04 8.5 1960
336.3 218.144 15.12 8.5 and
353.592 218.144 25.41 8.5 covers
381.201 218.144 21.29 8.5 3,674
404.672 218.144 13.18 8.5 km

417.827 215.956 3.59245 5.66601 2
423.609 218.144 7.97 8.5 of
433.756 218.144 23.84 8.5 Sofala
459.778 218.144 37.78 8.5 Province,
499.803 218.144 55.17 8.5 Mozambique,
557.233 218.144 7.35 8.5 at

200.014 231.183 12.52 8.5 the
214.697 231.183 55.46 8.5 southernmost
272.41 231.183 10.84 8.5 tip
285.45 231.183 7.97 8.5 of
295.598 231.183 12.52 8.5 the
310.281 231.183 22.43 8.5 Great
334.886 231.183 30.15 8.5 African
367.257 231.183 14.76 8.5 Rift
384.208 231.183 16 8.5 (Fig
402.406 231.183 10.43 8.5 1).
415.049 231.183 25.51 8.5 Tinley
442.771 231.183 16.32 8.5 [29]
461.252 231.183 35.94 8.5 provided
499.406 231.183 4.37 8.5 a
505.983 231.183 31.47 8.5 detailed
539.658 231.183 31.62 8.5 account

200.014 244.165 7.97 8.5 of
210.162 244.165 25.85 8.5 GNP’s
238.225 244.165 41.62 8.5 geography
282.048 244.165 15.12 8.5 and
299.396 244.165 30.26 8.5 ecology
331.824 244.165 33.08 8.5 between
367.144 244.165 19.04 8.5 1968
388.347 244.165 15.12 8.5 and
405.638 244.165 21.29 8.5 1972,
429.164 244.165 25.2 8.5 before
456.547 244.165 12.52 8.5 the
471.23 244.165 18.2 8.5 park
491.64 244.165 14.8 8.5 was
508.591 244.165 28.07 8.5 heavily
538.921 244.165 31.05 8.5 affected

200.014 257.148 9.64 8.5 by
211.806 257.148 17.16 8.5 war.
231.138 257.148 15.64 8.5 The
248.996 257.148 14.76 8.5 Rift
265.948 257.148 24.99 8.5 Valley
293.16 257.148 6.3 8.5 is
301.607 257.148 12.52 8.5 the
316.29 257.148 25.78 8.5 salient
344.297 257.148 39.81 8.5 geological
386.362 257.148 27.66 8.5 feature
416.183 257.148 7.97 8.5 of
426.33 257.148 12.52 8.5 the
441.07 257.148 18.89 8.5 area,
462.103 257.148 15.12 8.5 and
479.451 257.148 12.52 8.5 the
494.134 257.148 26.18 8.5 40-km
522.48 257.148 19.03 8.5 wide
543.74 257.148 22.6 8.5 valley

200.014 270.187 19.2 8.5 floor
221.387 270.187 27.59 8.5 (15–80
251.207 270.187 8.22 8.5 m
261.582 270.187 39.4 8.5 elevation)
303.195 270.187 6.3 8.5 is
311.698 270.187 29.64 8.5 flanked
343.56 270.187 10.58 8.5 on
356.315 270.187 12.52 8.5 the
370.999 270.187 15.18 8.5 east
388.347 270.187 15.12 8.5 and
405.638 270.187 17.68 8.5 west
425.536 270.187 9.64 8.5 by
437.328 270.187 17.43 8.5 hilly
456.944 270.187 27.14 8.5 terrain
486.31 270.187 22.79 8.5 rising
511.312 270.187 8.08 8.5 to
521.573 270.187 33.7 8.5 300–400
557.46 270.187 8.22 8.5 m

200.014 283.17 23.26 8.5 above
225.469 283.17 12.2 8.5 sea
239.869 283.17 20.21 8.5 level.
262.262 283.17 22.99 8.5 Mean
287.434 283.17 27.39 8.5 annual
317.027 283.17 28.34 8.5 rainfall
347.585 283.17 25.92 8.5 within
375.704 283.17 12.52 8.5 the
390.388 283.17 14.76 8.5 Rift
407.339 283.17 6.3 8.5 is
415.843 283.17 33.7 8.5 700–900
451.728 283.17 18.65 8.5 mm,
472.591 283.17 17.78 8.5 with
492.547 283.17 27.87 8.5 greater
522.65 283.17 28.34 8.5 rainfall

200.014 296.152 35.75 8.5 recorded
237.941 296.152 10.58 8.5 on
250.697 296.152 12.52 8.5 the
265.381 296.152 22.6 8.5 valley
290.212 296.152 21.65 8.5 sides.
314.079 296.152 22.32 8.5 Large
338.571 296.152 20.24 8.5 areas
361.021 296.152 7.97 8.5 of
371.169 296.152 12.52 8.5 the
385.852 296.152 14.76 8.5 Rift
402.803 296.152 24.99 8.5 Valley
430.015 296.152 12.31 8.5 are
444.471 296.152 40.13 8.5 seasonally
486.821 296.152 41.01 8.5 inundated
530.077 296.152 37.56 8.5 following

200.014 309.192 12.52 8.5 the
214.697 309.192 82.54 8.5 December–February
299.509 309.192 18.72 8.5 peak
320.429 309.192 30.59 8.5 rainfall,
353.254 309.192 35.07 8.5 resulting
390.558 309.192 8.18 8.5 in
400.876 309.192 36.63 8.5 extensive
439.766 309.192 44.45 8.5 floodplains
486.424 309.192 29.16 8.5 around
517.832 309.192 12.52 8.5 the
532.515 309.192 27.46 8.5 central

200.014 322.174 18.93 8.5 Lake
221.104 322.174 30.09 8.5 Urema.
253.418 322.174 27.76 8.5 Fifteen
283.409 322.174 39.13 8.5 landscape
324.738 322.174 20.55 8.5 types
347.471 322.174 12.31 8.5 are
361.985 322.174 43.67 8.5 recognized
407.906 322.174 8.18 8.5 in
418.224 322.174 22.36 8.5 GNP,
442.827 322.174 17.78 8.5 with
462.783 322.174 40.85 8.5 floodplain
505.869 322.174 41.06 8.5 grasslands
549.183 322.174 15.12 8.5 and

200.014 335.347 77.26 9.24 Acacia-Combretum
279.44 335.157 32.13 8.5 savanna
313.796 335.157 59.88 8.5 predominating
375.931 335.157 8.18 8.5 in
386.306 335.157 12.52 8.5 the
400.989 335.157 14.76 8.5 Rift
417.94 335.157 24.99 8.5 Valley
445.095 335.157 15.12 8.5 and
462.443 335.157 34.24 8.5 miombo
498.896 335.157 43.4 8.5 woodlands
544.534 335.157 26.04 8.5 occur-

200.014 348.196 16.53 8.5 ring
218.723 348.196 7.35 8.5 at
228.247 348.196 25.82 8.5 higher
256.253 348.196 39.61 8.5 elevations
298.092 348.196 8.08 8.5 to
308.354 348.196 12.52 8.5 the
323.037 348.196 15.18 8.5 east
340.442 348.196 15.12 8.5 and
357.733 348.196 17.68 8.5 west
377.575 348.196 16.32 8.5 [30]
396.114 348.196 16 8.5 (Fig
414.312 348.196 17.05 8.5 1C).

211.976 361.179 48.64 8.5 Historically,
262.886 361.179 20.11 8.5 GNP
285.223 361.179 15.12 8.5 and
302.514 361.179 50.19 8.5 surrounding
354.955 361.179 20.24 8.5 areas
377.348 361.179 40.48 8.5 supported
420.095 361.179 4.37 8.5 a
426.613 361.179 19.03 8.5 wide
447.873 361.179 34.23 8.5 diversity
484.326 361.179 7.97 8.5 of
494.474 361.179 19.41 8.5 large
516.074 361.179 48.17 8.5 mammalian

200.014 374.161 44.36 8.5 herbivores,
246.615 374.161 24.3 8.5 which
273.091 374.161 32.3 8.5 attained
307.617 374.161 28.69 8.5 highest
338.514 374.161 34.75 8.5 densities
375.478 374.161 25.92 8.5 within
403.654 374.161 12.52 8.5 the
418.337 374.161 14.76 8.5 Rift
435.287 374.161 27.24 8.5 Valley,
464.711 374.161 45.88 8.5 particularly
512.843 374.161 10.58 8.5 on
525.598 374.161 12.52 8.5 the
540.282 374.161 27.84 8.5 Urema

200.014 387.144 43.1 8.5 floodplain.
245.368 387.144 23.47 8.5 These
270.993 387.144 20.24 8.5 areas
293.443 387.144 19.04 8.5 were
314.646 387.144 43.5 8.5 dominated
360.397 387.144 9.64 8.5 by
372.246 387.144 22.12 8.5 herds
396.51 387.144 7.97 8.5 of
406.715 387.144 27.96 8.5 buffalo
436.875 387.144 37.71 8.5 (Syncerus
476.729 387.334 27.24 9.24 caffer),
506.153 387.144 17.06 8.5 blue
525.428 387.144 41.59 8.5 wildebeest

200.014 400.183 57.61 8.5 (Connochaetes
259.768 400.373 39.07 9.24 taurinus),
301.04 400.183 21.49 8.5 zebra
324.738 400.183 27.69 8.5 (Equus
354.558 400.373 33.81 9.24 quagga),
390.558 400.183 41.64 8.5 waterbuck
434.437 400.183 28.02 8.5 (Kobus
464.597 400.373 62.62 9.24 ellipsiprymnus),
529.397 400.183 15.12 8.5 and
546.688 400.183 27.16 8.5 impala

103.918 681.871 10.5759 6.79991 Fig
116.22 681.871 5.95993 6.79991 1.
126.538 681.871 15.1598 6.79991 Map
143.376 681.871 6.78392 6.79991 of
151.823 681.871 36.4715 6.79991 Gorongosa
189.977 681.871 29.0068 6.79991 National
220.705 681.871 15.7838 6.79991 Park
238.166 681.871 22.0797 6.79991 (GNP)
261.92 681.871 6.78392 6.79991 in
270.424 681.871 45.393 6.79991 Mozambique,
317.535 681.871 26.8157 6.79991 showing
345.995 681.871 8.90389 6.79991 (a)
356.596 681.871 25.2797 6.79991 Locality
383.526 681.871 6.36792 6.79991 of
391.633 681.871 9.99988 6.79991 the
403.312 681.871 17.9118 6.79991 Great
422.871 681.871 11.7839 6.79991 Rift
436.363 681.871 19.9518 6.79991 Valley
458.02 681.871 12.0798 6.79991 and
471.74 681.871 6.36792 6.79991 of
479.847 681.871 42.2635 6.79991 Mozambique
523.726 681.871 20.6957 6.79991 within
546.12 681.871 21.4877 6.79991 Africa;

103.918 691.395 9.48788 6.79991 (b)
115.086 691.395 28.1116 6.79991 Location
144.906 691.395 6.36792 6.79991 of
152.957 691.395 16.0718 6.79991 GNP
170.701 691.395 12.0798 6.79991 and
184.478 691.395 16.9998 6.79991 other
203.13 691.395 30.5836 6.79991 Protected
235.388 691.395 18.1598 6.79991 Areas
255.231 691.395 17.3278 6.79991 (dark
274.222 691.395 16.4878 6.79991 gray)
292.364 691.395 20.6957 6.79991 within
314.758 691.395 43.9547 6.79991 Mozambique;
360.452 691.395 12.0798 6.79991 and
374.228 691.395 8.82389 6.79991 (c)
384.716 691.395 19.6558 6.79991 Major
406.089 691.395 31.1388 6.79991 landscape
438.971 691.395 16.4078 6.79991 types
457.056 691.395 6.36792 6.79991 of
465.106 691.395 17.8638 6.79991 GNP.

103.918 706.872 152.704 6.79991 https://doi.org/10.1371/journal.pone.0212864.g001

428.882 40.4611 44.7434 7.39991 War-induced
475.256 40.4611 23.5197 7.39991 wildlife
500.428 40.4611 28.8716 7.39991 collapse
530.929 40.4611 13.1678 7.39991 and
545.782 40.4611 30.2956 7.39991 recovery

36 750.256 21.1997 7.39991 PLOS
58.8469 750.256 17.2398 7.39991 ONE
77.7819 750.256 2.07997 7.39991 |
81.5802 750.256 156.363 7.39991 https://doi.org/10.1371/journal.pone.0212864
245.876 750.256 21.9997 7.39991 March
269.573 750.256 10.9999 7.39991 13,
282.272 750.256 17.5438 7.39991 2019

557.118 750.256 4.41594 7.39991 3
563.241 750.256 2.24797 7.39991 /
567.209 750.256 8.79189 7.39991 18

200.012 77.886 42.54 8.5 (Aepyceros
244.685 78.076 46.05 9.24 melampus),
292.931 77.886 17.78 8.5 with
312.886 77.886 4.37 8.5 a
319.463 77.886 19.41 8.5 large
341.063 77.886 43.66 8.5 population
386.927 77.886 7.97 8.5 of
397.075 77.886 23.35 8.5 hippo
422.643 77.886 61.62 8.5 (Hippopotamus
486.479 78.076 44.83 9.24 amphibius)
533.477 77.886 39.03 8.5 occurring

200.012 90.925 25.92 8.5 within
228.131 90.925 18.93 8.5 Lake
249.277 90.925 27.84 8.5 Urema
279.324 90.925 15.12 8.5 and
296.616 90.925 40.33 8.5 associated
339.192 90.925 22.49 8.5 rivers
363.853 90.925 15.12 8.5 and
381.144 90.925 32.82 8.5 troughs.
416.18 90.925 35.63 8.5 Elephant
454.051 90.925 45.59 8.5 (Loxodonta
501.786 91.115 36.05 9.24 africana)
540.053 90.925 19.04 8.5 were

200.012 103.907 15.49 8.5 also
217.7 103.907 38.24 8.5 abundant
258.121 103.907 15.12 8.5 and
275.413 103.907 27.7 8.5 ranged
305.346 103.907 45.55 8.5 throughout
353.138 103.907 12.52 8.5 the
367.821 103.907 20.45 8.5 park.
390.442 103.907 23.69 8.5 Other
416.35 103.907 36.23 8.5 common
454.788 103.907 19.41 8.5 large
476.388 103.907 42.11 8.5 herbivores
520.721 103.907 34.91 8.5 included

200.012 116.89 20.81 8.5 kudu
222.972 116.89 51.84 8.5 (Tragelaphus
277 117.08 49.81 9.24 strepsiceros),
328.987 116.89 21.18 8.5 nyala
352.344 116.89 11.67 8.5 (T.
366.234 117.08 33.55 9.24 angasii),
401.95 116.89 38.76 8.5 bushbuck
442.939 116.89 11.67 8.5 (T.
456.772 117.08 43.25 9.24 sylvaticus),
502.183 116.89 19.72 8.5 sable
524.123 116.89 33.97 8.5 antelope

200.012 129.873 52.09 8.5 (Hippotragus
254.266 130.063 25.39 9.24 niger),
281.819 129.873 54.95 8.5 Lichtenstein’s
339.022 129.873 40.66 8.5 hartebeest
381.938 129.873 46.04 8.5 (Alcelaphus
430.127 130.063 55.61 9.24 lichtensteinii),
487.896 129.873 36.23 8.5 common
526.391 129.873 37 8.5 reedbuck

200.012 142.912 37.59 8.5 (Redunca
239.753 143.102 50.86 9.24 arundinum),
292.817 142.912 19.19 8.5 oribi
314.19 142.912 35.71 8.5 (Ourebia
352.061 143.102 30.72 9.24 ourebi),
384.943 142.912 15.12 8.5 and
402.291 142.912 32.86 8.5 warthog
437.327 142.912 57.01 8.5 (Phacochoerus
496.514 143.102 42.06 9.24 africanus).
540.734 142.912 21.12 8.5 Roan

200.012 155.894 33.97 8.5 antelope
236.181 155.894 52.09 8.5 (Hippotragus
290.436 156.084 36.32 9.24 equinus),
328.93 155.894 31.57 8.5 tsessebe
362.719 155.894 48.89 8.5 (Damaliscus
413.799 156.084 35.21 9.24 lunatus),
451.16 155.894 15.12 8.5 and
468.451 155.894 22.22 8.5 rhino
492.885 155.894 32.51 8.5 (Diceros
527.581 156.084 30.91 9.24 bicornis
560.633 155.894 15.12 8.5 and

200.012 169.067 57.97 9.24 Ceratotherium
260.106 169.067 30.4 9.24 simum)
292.704 168.877 19.04 8.5 were
313.907 168.877 35.75 8.5 recorded
351.891 168.877 8.18 8.5 in
362.266 168.877 19.31 8.5 early
383.752 168.877 38.98 8.5 explorers’
424.968 168.877 35.22 8.5 accounts
462.385 168.877 13.35 8.5 but
477.918 168.877 14.91 8.5 had
494.983 168.877 19.04 8.5 been
516.243 168.877 39.88 8.5 effectively

200.012 181.916 40.23 8.5 extirpated
242.474 181.916 9.64 8.5 by
254.266 181.916 12.52 8.5 the
268.95 181.916 14.04 8.5 late
285.22 181.916 22.64 8.5 1960s
310.052 181.916 18.57 8.5 [29].
330.801 181.916 16.36 8.5 Top
349.34 181.916 38.09 8.5 predators
389.648 181.916 34.91 8.5 included
426.782 181.916 15.7 8.5 lion
444.697 181.916 39.61 8.5 (Panthera
486.479 182.106 16.75 9.24 leo),
505.358 181.916 30.26 8.5 leopard
537.842 181.916 11.18 8.5 (P.
551.222 182.106 16.64 9.24 par-

200.012 195.089 19.34 9.24 dus),
221.498 194.899 23.89 8.5 hyena
247.577 194.899 34.98 8.5 (Crocuta
284.767 195.089 34.7 9.24 crocuta),
321.617 194.899 17.26 8.5 wild
341.063 194.899 15.01 8.5 dog
358.297 194.899 31.67 8.5 (Lycaon
392.143 195.089 28.62 9.24 pictus),
422.927 194.899 22.91 8.5 jackal
448.041 194.899 25.9 8.5 (Canis
476.104 195.089 35.85 9.24 adustus),
514.088 194.899 15.12 8.5 and
531.436 194.899 36.95 8.5 crocodile

200.012 207.882 46.95 8.5 (Crocodylus
249.107 208.072 38.88 9.24 niloticus).

211.974 220.921 58.66 8.5 Mozambique’s
272.918 220.921 17.72 8.5 War
292.874 220.921 7.97 8.5 of
303.022 220.921 56.72 8.5 Independence
361.982 220.921 28.06 8.5 against
392.256 220.921 34.07 8.5 Portugal
428.539 220.921 24.52 8.5 ended
455.241 220.921 8.18 8.5 in
465.616 220.921 19.04 8.5 1974
486.819 220.921 15.12 8.5 and
504.11 220.921 14.8 8.5 was
521.118 220.921 34.28 8.5 followed
557.628 220.921 9.64 8.5 by

200.012 233.903 12.52 8.5 the
214.695 233.903 52.4 8.5 Mozambican
269.346 233.903 18.98 8.5 Civil
290.55 233.903 17.72 8.5 War
310.449 233.903 52.23 8.5 (1977–1992).
364.93 233.903 29.15 8.5 During
396.281 233.903 15.12 8.5 and
413.572 233.903 49.76 8.5 immediately
465.616 233.903 18.16 8.5 after
485.969 233.903 12.52 8.5 the
500.652 233.903 16.59 8.5 civil
519.417 233.903 48.4 8.5 war—which

200.012 246.886 34.4 8.5 centered
236.578 246.886 8.18 8.5 in
246.953 246.886 23.84 8.5 Sofala
272.975 246.886 35.11 8.5 province
310.335 246.886 15.12 8.5 and
327.626 246.886 44.12 8.5 Gorongosa
374.001 246.886 78.51 8.5 specifically—GNP’s
454.845 246.886 29.48 8.5 wildlife
486.536 246.886 14.8 8.5 was
503.487 246.886 28.07 8.5 heavily
533.817 246.886 28.54 8.5 hunted

200.012 259.925 11.68 8.5 for
213.844 259.925 18.3 8.5 food
234.367 259.925 15.12 8.5 and
251.658 259.925 16.91 8.5 sale,
270.764 259.925 38.19 8.5 including
311.186 259.925 20.55 8.5 ivory
333.919 259.925 18.41 8.5 used
354.499 259.925 8.08 8.5 to
364.76 259.925 29.32 8.5 finance
396.281 259.925 12.52 8.5 the
411.021 259.925 30.01 8.5 conflict
443.223 259.925 18.57 8.5 [31].
463.972 259.925 15.64 8.5 The
481.83 259.925 15.86 8.5 first
499.858 259.925 35.21 8.5 post-war
537.332 259.925 21.76 8.5 aerial

200.012 272.908 26.45 8.5 census
228.641 272.908 7.97 8.5 of
238.789 272.908 25.85 8.5 GNP’s
266.852 272.908 14.76 8.5 Rift
283.803 272.908 24.99 8.5 Valley
311.016 272.908 19.2 8.5 floor
332.389 272.908 14.8 8.5 was
349.396 272.908 41.84 8.5 completed
393.447 272.908 8.18 8.5 in
403.821 272.908 20.56 8.5 June,
426.555 272.908 21.29 8.5 1994,
450.026 272.908 36.32 8.5 revealing
488.577 272.908 4.37 8.5 a
495.096 272.908 48.58 8.5 catastrophic
545.949 272.908 28.6 8.5 decline

200.012 285.89 8.18 8.5 in
210.33 285.89 12.52 8.5 the
225.07 285.89 43.72 8.5 abundance
270.991 285.89 7.97 8.5 of
281.139 285.89 9.29 8.5 all
292.59 285.89 61.38 8.5 large-herbivore
356.256 285.89 47.26 8.5 populations
405.749 285.89 18.57 8.5 [32].
426.555 285.89 38.29 8.5 Carcasses
467.033 285.89 17.58 8.5 seen
486.819 285.89 10.58 8.5 on
499.575 285.89 14.55 8.5 this
516.299 285.89 25.93 8.5 survey
544.419 285.89 19.04 8.5 were

200.012 298.873 15.08 8.5 old,
217.246 298.873 29.11 8.5 leading
248.597 298.873 41.07 8.5 Cumming
291.91 299.063 7.03 9.24 et
301.094 299.063 9.6 9.24 al.
312.83 298.873 16.32 8.5 [33]
331.368 298.873 8.08 8.5 to
341.63 298.873 36.27 8.5 conclude
380.067 298.873 15.6 8.5 that
397.869 298.873 12.52 8.5 the
412.552 298.873 23.88 8.5 major
438.687 298.873 32.2 8.5 declines
473.1 298.873 8.18 8.5 in
483.418 298.873 27.75 8.5 species
513.408 298.873 18.41 8.5 such
533.987 298.873 7.97 8.5 as
544.135 298.873 30.21 8.5 buffalo,

200.012 311.912 36.43 8.5 elephant,
238.619 311.912 15.12 8.5 and
255.967 311.912 23.35 8.5 hippo
281.535 311.912 14.91 8.5 had
298.6 311.912 22.02 8.5 taken
322.808 311.912 20.45 8.5 place
345.485 311.912 25.2 8.5 before
372.867 311.912 21.29 8.5 1990.

211.974 324.895 41.1 8.5 Beginning
255.343 324.895 8.18 8.5 in
265.718 324.895 21.29 8.5 2004,
289.189 324.895 12.52 8.5 the
303.872 324.895 18.41 8.5 Carr
324.452 324.895 49.15 8.5 Foundation,
375.872 324.895 4.37 8.5 a
382.391 324.895 38.13 8.5 US-based
422.757 324.895 44.25 8.5 non-profit,
469.244 324.895 33.29 8.5 initiated
504.734 324.895 12.52 8.5 the
519.474 324.895 44.12 8.5 Gorongosa

200.012 337.878 46.34 8.5 Restoration
248.484 337.878 41.95 8.5 Project—a
292.59 337.878 29.85 8.5 20-year
324.508 337.878 64.89 8.5 co-management
391.576 337.878 42.05 8.5 agreement
435.796 337.878 17.78 8.5 with
455.695 337.878 12.52 8.5 the
470.265 337.878 52.4 8.5 Mozambican
524.86 337.878 51.07 8.5 Government

200.012 350.917 8.08 8.5 to
210.273 350.917 30.98 8.5 support
243.438 350.917 53.65 8.5 conservation,
299.337 350.917 30.95 8.5 science,
332.502 350.917 15.12 8.5 and
349.793 350.917 32.07 8.5 human-
384.092 350.917 15.12 8.5 and
401.383 350.917 94.673 8.5 economic-development
498.214 350.917 34.91 8.5 activities
535.348 350.917 25.92 8.5 within

200.012 363.899 12.52 8.5 the
214.695 363.899 18.2 8.5 park
235.104 363.899 15.12 8.5 and
252.395 363.899 9.28 8.5 its
263.847 363.899 50.19 8.5 surrounding
316.288 363.899 21.29 8.5 5,402
339.759 363.899 13.18 8.5 km

352.913 361.714 3.59245 5.66602 2
358.696 363.902 24.05 8.5 buffer
384.944 363.902 18.93 8.5 zone
406.034 363.902 18.57 8.5 [28].
426.84 363.902 17.67 8.5 This
446.682 363.902 42.05 8.5 agreement
490.959 363.902 13.24 8.5 has
506.38 363.902 20.24 8.5 since
528.83 363.902 19.04 8.5 been

200.014 376.884 36.37 8.5 extended
238.565 376.884 32.24 8.5 through
272.977 376.884 12.52 8.5 the
287.604 376.884 16.85 8.5 year
306.596 376.884 21.29 8.5 2040.
330.01 376.884 15.64 8.5 The
347.812 376.884 44.12 8.5 Gorongosa
394.128 376.884 28.39 8.5 Project
424.686 376.884 18.81 8.5 aims
445.662 376.884 8.08 8.5 to
455.867 376.884 13.14 8.5 use
471.174 376.884 28.7 8.5 science
502.014 376.884 8.08 8.5 to
512.219 376.884 28 8.5 inform
542.379 376.884 33.54 8.5 adaptive

200.014 389.923 52.1 8.5 management
254.326 389.923 7.97 8.5 of
264.473 389.923 25.85 8.5 GNP’s
292.593 389.923 44.29 8.5 ecosystems
339.081 389.923 15.12 8.5 and
356.372 389.923 31.73 8.5 wildlife,
390.33 389.923 15.12 8.5 and
407.678 389.923 8.08 8.5 to
417.883 389.923 43.08 8.5 harmonize
463.237 389.923 51.4 8.5 conservation
516.868 389.923 17.78 8.5 with
536.824 389.923 12.52 8.5 the
551.564 389.923 22.85 8.5 needs

200.014 402.906 15.12 8.5 and
217.305 402.906 43.61 8.5 aspirations
263.17 402.906 7.97 8.5 of
273.318 402.906 51.263 8.5 the~200,000
326.779 402.906 26.34 8.5 people
355.352 402.906 32.29 8.5 residing
389.876 402.906 8.18 8.5 in
400.194 402.906 12.52 8.5 the
414.935 402.906 24.05 8.5 buffer
441.183 402.906 21.18 8.5 zone.
464.541 402.906 15.64 8.5 The
482.342 402.906 43.84 8.5 restoration
528.433 402.906 31.05 8.5 strategy

200.014 415.889 28.5 8.5 centers
230.685 415.889 59.58 8.5 predominantly
292.536 415.889 10.58 8.5 on
305.292 415.889 42.32 8.5 facilitating
349.852 415.889 28.6 8.5 natural
380.692 415.889 34.29 8.5 recovery
417.146 415.889 7.97 8.5 of
427.293 415.889 34.43 8.5 remnant
463.974 415.889 47.26 8.5 populations
513.466 415.889 9.64 8.5 by
525.258 415.889 41.17 8.5 protecting

200.014 428.871 12.52 8.5 the
214.697 428.871 34.08 8.5 resource
250.981 428.871 19.51 8.5 base,
272.694 428.871 35.53 8.5 reducing
310.451 428.871 23.28 8.5 illegal
335.906 428.871 34.07 8.5 hunting,
372.188 428.871 15.12 8.5 and
389.536 428.871 36.14 8.5 engaging
427.86 428.871 18.58 8.5 local
448.667 428.871 54.82 8.5 communities.
505.756 428.871 17.67 8.5 This
525.598 428.871 28.6 8.5 natural

200.014 441.91 34.29 8.5 recovery
236.524 441.91 29.63 8.5 process
268.329 441.91 13.24 8.5 has
283.749 441.91 19.04 8.5 been
305.009 441.91 59.73 8.5 complemented
366.973 441.91 11.68 8.5 for
380.862 441.91 21.11 8.5 some
404.163 441.91 27.75 8.5 species
434.097 441.91 11.57 8.5 via
447.873 441.91 56 8.5 translocations
506.153 441.91 15.12 8.5 and
523.444 441.91 46.14 8.5 reintroduc-

200.014 454.893 19.82 8.5 tions
222.011 454.893 19.86 8.5 from
244.064 454.893 38.83 8.5 elsewhere
285.11 454.893 8.18 8.5 in
295.484 454.893 35.64 8.5 southern
333.355 454.893 24.67 8.5 Africa
360.226 454.893 12.93 8.5 (S1
375.306 454.893 27.86 8.5 Table).

200.012 488.987 30.8937 10.1999 Aerial
233.517 488.987 37.5585 10.1999 wildlife
273.655 488.987 36.9741 10.1999 surveys

200.012 507.278 12.09 8.5 Six
214.298 507.278 31.51 8.5 pre-war
247.973 507.278 29.48 8.5 wildlife
279.721 507.278 29.53 8.5 surveys
311.412 507.278 19.04 8.5 were
332.672 507.278 42.06 8.5 conducted
376.949 507.278 19.86 8.5 from
399.002 507.278 45.45 8.5 1968–1972,
446.681 507.278 15.12 8.5 and
463.972 507.278 9.54 8.5 12
475.707 507.278 35.21 8.5 post-war
513.124 507.278 29.53 8.5 surveys
544.872 507.278 19.04 8.5 were

200.012 520.317 42.06 8.5 conducted
244.288 520.317 33.08 8.5 between
279.551 520.317 19.04 8.5 1994
300.811 520.317 15.12 8.5 and
318.102 520.317 21.29 8.5 2018.
341.573 520.317 15.64 8.5 The
359.374 520.317 45.45 8.5 1968–1972,
407.053 520.317 21.29 8.5 1994,
430.523 520.317 21.29 8.5 1997,
454.051 520.317 15.12 8.5 and
471.342 520.317 19.04 8.5 2004
492.545 520.317 29.53 8.5 surveys
524.293 520.317 19.04 8.5 were
545.496 520.317 18.31 8.5 con-

200.012 533.299 27.29 8.5 ducted
229.492 533.299 21.69 8.5 using
253.359 533.299 4.37 8.5 a
259.936 533.299 42.82 8.5 fixed-wing
305.006 533.299 31.11 8.5 aircraft.
338.341 533.299 11.79 8.5 All
352.288 533.299 29.53 8.5 surveys
384.036 533.299 19.86 8.5 from
406.089 533.299 19.04 8.5 2000
427.292 533.299 36.57 8.5 onwards,
466.07 533.299 17.78 8.5 with
486.082 533.299 12.52 8.5 the
500.766 533.299 38.71 8.5 exception
541.698 533.299 7.97 8.5 of
551.846 533.299 21.29 8.5 2004,

200.012 546.282 19.04 8.5 were
221.215 546.282 42.06 8.5 conducted
265.491 546.282 11.57 8.5 via
279.268 546.282 42.28 8.5 helicopter.
323.771 546.282 59.47 8.5 Methodologies
385.51 546.282 15.12 8.5 and
402.801 546.282 35.01 8.5 coverage
440.048 546.282 12.31 8.5 are
454.504 546.282 33.45 8.5 outlined
490.164 546.282 23.68 8.5 below
516.073 546.282 15.12 8.5 and
533.364 546.282 15.49 8.5 also
551.052 546.282 8.18 8.5 in

200.012 559.321 22.22 8.5 Table
224.389 559.321 4.79 8.5 1
231.362 559.321 15.12 8.5 and
248.654 559.321 12.61 8.5 Fig
263.45 559.321 7.04 8.5 2.

211.974 572.304 25.51 8.5 Tinley
239.696 572.304 16.32 8.5 [29]
258.235 572.304 42.06 8.5 conducted
302.512 572.304 12.52 8.5 the
317.195 572.304 10.94 8.5 six
330.348 572.304 49.56 8.5 semi-annual
382.165 572.304 29.53 8.5 surveys
413.856 572.304 11.57 8.5 (in
427.632 572.304 18.41 8.5 both
448.212 572.304 14.08 8.5 wet
464.482 572.304 15.12 8.5 and
481.774 572.304 13.56 8.5 dry
497.534 572.304 33.33 8.5 seasons)
533.08 572.304 33.08 8.5 between

200.012 585.286 42.4 8.5 November
244.629 585.286 19.04 8.5 1968
265.832 585.286 15.12 8.5 and
283.179 585.286 32.77 8.5 October
318.102 585.286 21.29 8.5 1972.
341.63 585.286 22.9 8.5 Strips
366.688 585.286 32.97 8.5 1,000-m
401.894 585.286 19.03 8.5 wide
423.097 585.286 17.68 8.5 (500
442.996 585.286 8.22 8.5 m
453.371 585.286 10.58 8.5 on
466.126 585.286 18.1 8.5 each
486.422 585.286 15.8 8.5 side
504.394 585.286 7.97 8.5 of
514.542 585.286 12.52 8.5 the
529.282 585.286 32.25 8.5 aircraft)

200.012 598.326 19.04 8.5 were
221.158 598.326 22.74 8.5 flown
246.046 598.326 29.491 8.5 at~150
277.68 598.326 8.22 8.5 m
287.998 598.326 30.22 8.5 altitude
320.37 598.326 37.314 8.5 and~160
359.828 598.326 23.99 8.5 km/h.
385.906 598.326 15.64 8.5 The
403.708 598.326 23.33 8.5 entire
429.163 598.326 14.76 8.5 Rift
446.001 598.326 24.99 8.5 Valley
473.156 598.326 14.8 8.5 was
490.051 598.326 33.56 8.5 covered,
525.767 598.326 50.15 8.5 representing

200.012 611.308 24.1 8.5 64.7%
226.317 611.308 7.97 8.5 of
236.465 611.308 22.36 8.5 GNP.
261.013 611.308 21.27 8.5 Eight
284.483 611.308 27.75 8.5 species
314.474 611.308 19.04 8.5 were
335.677 611.308 32.56 8.5 counted
370.429 611.308 8.18 8.5 in
380.804 611.308 9.29 8.5 all
392.256 611.308 7.97 8.5 of
402.404 611.308 20.35 8.5 these
424.968 611.308 29.53 8.5 surveys
456.659 611.308 39.82 8.5 (elephant,
498.725 611.308 30.21 8.5 buffalo,
531.153 611.308 43.84 8.5 wildebeest,

200.012 624.291 23.74 8.5 zebra,
225.92 624.291 43.89 8.5 waterbuck,
272.068 624.291 24.06 8.5 eland,
298.316 624.291 21.97 8.5 sable,
322.467 624.291 46.3 8.5 hartebeest);
370.996 624.291 23.35 8.5 hippo
396.565 624.291 19.04 8.5 were
417.824 624.291 32.56 8.5 counted
452.577 624.291 17.58 8.5 only
472.306 624.291 8.18 8.5 in
482.681 624.291 32.77 8.5 October
517.66 624.291 19.04 8.5 1968
538.863 624.291 15.12 8.5 and

200.012 637.274 42.4 8.5 November
244.629 637.274 21.29 8.5 1972.
268.099 637.274 10.47 8.5 As
280.742 637.274 13.1 8.5 full
296.049 637.274 25.56 8.5 spatial
323.828 637.274 48.51 8.5 information
374.568 637.274 10.58 8.5 on
387.324 637.274 29.48 8.5 wildlife
419.015 637.274 51.03 8.5 distributions
472.306 637.274 14.8 8.5 was
489.314 637.274 34.44 8.5 available
525.994 637.274 17.58 8.5 only
545.723 637.274 11.68 8.5 for
559.612 637.274 12.52 8.5 the

200.012 650.313 19.04 8.5 1969
221.215 650.313 45.61 8.5 dry-season,
269.063 650.313 19.04 8.5 1970
290.266 650.313 46.13 8.5 wet-season,
338.681 650.313 15.12 8.5 and
355.973 650.313 19.04 8.5 1972
377.176 650.313 43.36 8.5 dry-season
422.757 650.313 31.78 8.5 surveys,
456.772 650.313 11.1 8.5 we
470.038 650.313 18.41 8.5 used
490.674 650.313 17.58 8.5 only
510.403 650.313 21.18 8.5 those
533.761 650.313 16.95 8.5 data
552.923 650.313 8.18 8.5 in

200.012 663.295 14.08 8.5 our
216.282 663.295 33.29 8.5 analysis;
251.772 663.295 11.68 8.5 for
265.661 663.295 29.2 8.5 hippos,
297.069 663.295 11.1 8.5 we
310.335 663.295 18.41 8.5 used
330.915 663.295 19.04 8.5 1968
352.174 663.295 16.95 8.5 data
371.28 663.295 11.68 8.5 for
385.169 663.295 19.04 8.5 1969
406.372 663.295 15.12 8.5 and
423.72 663.295 21.29 8.5 1970.

211.974 676.278 18.03 8.5 Two
232.213 676.278 20.45 8.5 years
254.89 676.278 18.16 8.5 after
275.243 676.278 12.52 8.5 the
289.926 676.278 36.21 8.5 cessation
328.363 676.278 7.97 8.5 of
338.511 676.278 40.45 8.5 hostilities,
381.201 676.278 41.07 8.5 Cumming
424.514 676.468 7.03 9.24 et
433.698 676.468 9.6 9.24 al.
445.434 676.278 16.32 8.5 [33]
463.972 676.278 42.06 8.5 conducted
508.249 676.278 12.52 8.5 the
522.932 676.278 15.86 8.5 first
541.017 676.278 20.34 8.5 post-

200.012 689.317 14.91 8.5 war
217.076 689.317 28.18 8.5 survey.
247.463 689.317 22.9 8.5 Strips
272.578 689.317 25.97 8.5 255-m
300.754 689.317 19.03 8.5 wide
321.957 689.317 19.04 8.5 were
343.217 689.317 22.74 8.5 flown
368.162 689.317 7.35 8.5 at
377.686 689.317 9.54 8.5 91
389.365 689.317 8.22 8.5 m
399.796 689.317 30.22 8.5 altitude
432.224 689.317 37.371 8.5 and~160
471.796 689.317 23.99 8.5 km/h,
497.988 689.317 31.98 8.5 yielding
532.173 689.317 19.35 8.5 4.2%
553.716 689.317 15.12 8.5 and

200.012 702.3 19.35 8.5 2.9%
221.555 702.3 35.01 8.5 coverage
258.745 702.3 7.97 8.5 of
268.893 702.3 12.52 8.5 the
283.633 702.3 14.76 8.5 Rift
300.584 702.3 24.99 8.5 Valley
327.74 702.3 15.12 8.5 and
345.031 702.3 22.36 8.5 GNP,
369.636 702.3 48.86 8.5 respectively.
420.716 702.3 23.58 8.5 Three
446.511 702.3 20.45 8.5 years
469.131 702.3 20 8.5 later,
491.298 702.3 29.16 8.5 Dutton
522.706 702.3 16.32 8.5 [34]
541.187 702.3 16.43 8.5 flew
559.839 702.3 4.37 8.5 a

428.882 40.4611 44.7434 7.39991 War-induced
475.256 40.4611 23.5197 7.39991 wildlife
500.428 40.4611 28.8716 7.39991 collapse
530.929 40.4611 13.1678 7.39991 and
545.782 40.4611 30.2956 7.39991 recovery

36 750.256 21.1997 7.39991 PLOS
58.8469 750.256 17.2398 7.39991 ONE
77.7819 750.256 2.07997 7.39991 |
81.5802 750.256 156.363 7.39991 https://doi.org/10.1371/journal.pone.0212864
245.876 750.256 21.9997 7.39991 March
269.573 750.256 10.9999 7.39991 13,
282.272 750.256 17.5438 7.39991 2019

557.118 750.256 4.41594 7.39991 4
563.241 750.256 2.24797 7.39991 /
567.209 750.256 8.79189 7.39991 18

200.012 406.818 27.64 8.5 similar
229.888 406.818 28.18 8.5 survey,
260.219 406.818 38.08 8.5 achieving
300.584 406.818 19.35 8.5 6.5%
322.071 406.818 15.12 8.5 and
339.418 406.818 19.35 8.5 5.2%
360.962 406.818 35.01 8.5 coverage
398.152 406.818 7.97 8.5 of
408.3 406.818 12.52 8.5 the
422.983 406.818 14.76 8.5 Rift
439.934 406.818 24.99 8.5 Valley
467.147 406.818 15.12 8.5 and
484.438 406.818 22.36 8.5 GNP,
508.986 406.818 48.86 8.5 respectively.

200.012 419.8 41.66 8.5 Dunham’s
243.892 419.8 16.32 8.5 [35]
262.43 419.8 42.82 8.5 fixed-wing
307.501 419.8 25.93 8.5 survey
335.62 419.8 16.43 8.5 flew
354.215 419.8 25.97 8.5 300-m
382.391 419.8 19.03 8.5 wide
403.651 419.8 21.75 8.5 strips
427.575 419.8 7.35 8.5 at
437.1 419.8 14.29 8.5 160
453.597 419.8 21.74 8.5 km/h
477.522 419.8 15.12 8.5 and
494.813 419.8 9.54 8.5 91
506.548 419.8 8.22 8.5 m
516.923 419.8 30.22 8.5 altitude
549.351 419.8 8.08 8.5 to

200.012 432.839 29.53 8.5 achieve
231.759 432.839 19.35 8.5 9.9%
253.303 432.839 15.12 8.5 and
270.594 432.839 19.35 8.5 9.6%
292.137 432.839 35.01 8.5 coverage
329.327 432.839 7.97 8.5 of
339.475 432.839 12.52 8.5 the
354.215 432.839 14.76 8.5 Rift
371.11 432.839 24.99 8.5 Valley
398.322 432.839 15.12 8.5 and
415.613 432.839 22.36 8.5 GNP,
440.218 432.839 48.86 8.5 respectively.

211.974 445.822 29.15 8.5 Sample
243.381 445.822 26.66 8.5 counts
272.238 445.822 19.04 8.5 were
293.441 445.822 42.06 8.5 conducted
337.718 445.822 11.57 8.5 via
351.494 445.822 40.03 8.5 helicopter
393.73 445.822 8.18 8.5 in
404.105 445.822 21.29 8.5 2000,
427.575 445.822 21.29 8.5 2001,
451.046 445.822 21.29 8.5 2002,
474.517 445.822 21.29 8.5 2007,
497.988 445.822 21.29 8.5 2010,
521.458 445.822 15.12 8.5 and
538.806 445.822 19.04 8.5 2012
560.009 445.822 9.64 8.5 by

200.012 458.805 22.69 8.5 flying
224.9 458.805 25.97 8.5 500-m
253.076 458.805 19.03 8.5 wide
274.279 458.805 21.75 8.5 strips
298.26 458.805 7.35 8.5 at
307.784 458.805 14.29 8.5 150
324.225 458.805 23.99 8.5 km/h,
350.417 458.805 7.35 8.5 at
359.941 458.805 4.37 8.5 a
366.518 458.805 60.65 8.5 radar-altimeter
429.39 458.805 30.22 8.5 altitude
461.818 458.805 7.97 8.5 of
471.966 458.805 24.2 8.5 60–90
498.384 458.805 10.47 8.5 m.
511.027 458.805 33.81 8.5 Between
547.027 458.805 16.54 8.5 13.6

200.012 471.787 15.12 8.5 and
217.303 471.787 24.1 8.5 24.8%
243.608 471.787 7.97 8.5 of
253.756 471.787 12.52 8.5 the
268.439 471.787 14.76 8.5 Rift
285.39 471.787 27.24 8.5 Valley,
314.814 471.787 15.12 8.5 and
332.162 471.787 33.08 8.5 between
367.425 471.787 16.54 8.5 11.6
386.133 471.787 15.12 8.5 and
403.424 471.787 24.1 8.5 24.4%
429.73 471.787 7.97 8.5 of
439.878 471.787 22.36 8.5 GNP,
464.426 471.787 14.8 8.5 was
481.433 471.787 33.27 8.5 sampled
516.923 471.787 8.18 8.5 in
527.298 471.787 20.35 8.5 these
549.805 471.787 18.16 8.5 heli-

200.012 484.826 25.41 8.5 copter
227.621 484.826 31.78 8.5 surveys.
261.58 484.826 29.15 8.5 During
292.987 484.826 12.52 8.5 the
307.671 484.826 19.04 8.5 2000
328.874 484.826 28.18 8.5 survey,
359.261 484.826 4.37 8.5 a
365.837 484.826 31.97 8.5 number
399.966 484.826 7.97 8.5 of
410.114 484.826 40.54 8.5 additional
452.917 484.826 31.58 8.5 transect
486.706 484.826 18.47 8.5 lines
507.342 484.826 34.02 8.5 (totaling
543.625 484.826 14.29 8.5 337
560.066 484.826 13.18 8.5 km

200.012 497.809 15.12 8.5 and
217.303 497.809 26.04 8.5 16,850
245.536 497.809 36.01 8.5 hectares)
283.746 497.809 19.04 8.5 were
305.006 497.809 22.74 8.5 flown
329.951 497.809 22.54 8.5 north
354.669 497.809 7.97 8.5 of
364.817 497.809 12.52 8.5 the
379.5 497.809 29.65 8.5 current
411.361 497.809 18.2 8.5 park
431.714 497.809 38.76 8.5 boundary
472.703 497.809 16 8.5 (Fig
490.901 497.809 10.43 8.5 2).
503.543 497.809 8.91 8.5 In
514.598 497.809 18.1 8.5 each
534.894 497.809 23.06 8.5 count

200.012 510.792 20.24 8.5 since
222.462 510.792 21.29 8.5 2004,
245.932 510.792 4.37 8.5 a
252.452 510.792 59.37 8.5 supplementary
314.077 510.792 38.51 8.5 dedicated
354.839 510.792 20.92 8.5 flight
377.969 510.792 14.8 8.5 was
394.921 510.792 20.08 8.5 done
417.201 510.792 7.97 8.5 of
427.349 510.792 12.52 8.5 the
442.032 510.792 18.89 8.5 river
463.122 510.792 15.12 8.5 and
480.413 510.792 16.02 8.5 lake
498.611 510.792 27.17 8.5 system
528.035 510.792 24.31 8.5 where

200.012 523.831 23.35 8.5 hippo
225.58 523.831 24.79 8.5 occur,
252.565 523.831 17.16 8.5 thus
271.898 523.831 39.88 8.5 effectively
314.02 523.831 34.59 8.5 covering
350.814 523.831 12.52 8.5 the
365.497 523.831 23.89 8.5 whole
391.576 523.831 35.84 8.5 counting
429.673 523.831 24.06 8.5 block.
455.922 523.831 25.74 8.5 Hippo
483.871 523.831 34.75 8.5 densities
520.835 523.831 11.68 8.5 for
534.724 523.831 12.52 8.5 the
549.408 523.831 16.95 8.5 four

200.012 536.814 26.66 8.5 counts
228.868 536.814 19.86 8.5 from
250.921 536.814 19.04 8.5 2004
272.124 536.814 8.08 8.5 to
282.386 536.814 19.04 8.5 2012
303.645 536.814 19.04 8.5 were
324.849 536.814 36.33 8.5 therefore
363.399 536.814 39.83 8.5 calculated
405.409 536.814 25.09 8.5 taking
432.734 536.814 16.22 8.5 into
451.16 536.814 31.62 8.5 account
484.948 536.814 12.52 8.5 the
499.688 536.814 13.1 8.5 full
514.939 536.814 24.58 8.5 extent
541.698 536.814 7.97 8.5 of
551.846 536.814 12.52 8.5 the

200.012 549.796 23.06 8.5 count
225.24 549.796 21.81 8.5 block
249.277 549.796 24.27 8.5 rather
275.696 549.796 18.1 8.5 than
295.992 549.796 12.52 8.5 the
310.675 549.796 28 8.5 sample
340.893 549.796 40.6 8.5 intensities
383.752 549.796 34.8 8.5 achieved
420.772 549.796 32.24 8.5 through
455.241 549.796 12.52 8.5 the
469.925 549.796 41.37 8.5 systematic
513.521 549.796 35.84 8.5 counting
551.562 549.796 20.72 8.5 lines.

211.974 562.835 15.64 8.5 The
229.832 562.835 54.52 8.5 sample-count
286.581 562.835 52.79 8.5 methodology
341.63 562.835 18.41 8.5 used
362.209 562.835 8.18 8.5 in
372.584 562.835 29.53 8.5 surveys
404.331 562.835 10.47 8.5 up
416.974 562.835 32.24 8.5 through
451.443 562.835 19.04 8.5 2012
472.646 562.835 33.04 8.5 revealed
507.909 562.835 27.14 8.5 several
537.219 562.835 24.16 8.5 short-

200.012 575.818 36.14 8.5 comings.
238.392 575.818 8.91 8.5 In
249.447 575.818 41.13 8.5 particular,
292.817 575.818 17.58 8.5 only
312.603 575.818 21.07 8.5 small
335.847 575.818 35.57 8.5 numbers
373.661 575.818 7.97 8.5 of
383.809 575.818 40.64 8.5 individual
426.668 575.818 52.85 8.5 groups/herds
481.774 575.818 7.97 8.5 of
491.921 575.818 27.75 8.5 species
521.912 575.818 18.41 8.5 such
542.491 575.818 7.97 8.5 as
552.639 575.818 14.46 8.5 ele-

200.012 588.801 23.26 8.5 phant
225.466 588.801 15.12 8.5 and
242.758 588.801 27.96 8.5 buffalo
272.918 588.801 19.04 8.5 were
294.178 588.801 35.75 8.5 recorded
332.105 588.801 24.57 8.5 across
358.921 588.801 12.52 8.5 the
373.604 588.801 26.03 8.5 widely
401.837 588.801 37.88 8.5 separated
441.919 588.801 20.92 8.5 flight
465.049 588.801 18.47 8.5 lines
485.742 588.801 41.33 8.5 (especially
529.282 588.801 25.92 8.5 within
557.401 588.801 12.52 8.5 the

200.012 601.783 31.67 8.5 sparsely
233.914 601.783 39.96 8.5 populated
276.093 601.783 36.85 8.5 western-,
315.154 601.783 41.71 8.5 northern-,
359.091 601.783 15.12 8.5 and
376.382 601.783 51.92 8.5 eastern-most
430.523 601.783 19.82 8.5 parts
452.577 601.783 7.97 8.5 of
462.725 601.783 25.75 8.5 GNP),
490.674 601.783 29.11 8.5 leading
521.969 601.783 8.08 8.5 to
532.23 601.783 21.11 8.5 some
555.531 601.783 18.78 8.5 vari-

200.012 614.822 16.12 8.5 able
218.323 614.822 40.71 8.5 encounter
261.239 614.822 18.89 8.5 rates
282.329 614.822 15.12 8.5 and
299.62 614.822 34.37 8.5 spurious
336.187 614.822 28.8 8.5 density
367.198 614.822 39.08 8.5 estimates,
408.527 614.822 45.88 8.5 particularly
456.659 614.822 8.18 8.5 in
467.033 614.822 12.52 8.5 the
481.717 614.822 24.78 8.5 1990’s
508.702 614.822 15.12 8.5 and
525.994 614.822 19.31 8.5 early
547.48 614.822 27.03 8.5 2000’s.

200.012 627.805 15.64 8.5 The
217.813 627.805 25.93 8.5 survey
245.932 627.805 31.03 8.5 method
279.211 627.805 14.8 8.5 was
296.162 627.805 36.33 8.5 therefore
334.713 627.805 33.49 8.5 changed
370.429 627.805 8.18 8.5 in
380.804 627.805 19.04 8.5 2014
402.007 627.805 8.08 8.5 to
412.268 627.805 29.64 8.5 include
444.13 627.805 13.1 8.5 full
459.38 627.805 35.01 8.5 coverage
496.627 627.805 7.97 8.5 of
506.775 627.805 12.52 8.5 the
521.458 627.805 35.64 8.5 southern
559.329 627.805 15.12 8.5 and

200.012 640.788 27.46 8.5 central
229.662 640.788 30.15 8.5 portion
262.033 640.788 7.97 8.5 of
272.181 640.788 12.52 8.5 the
286.864 640.788 14.76 8.5 Rift
303.816 640.788 24.99 8.5 Valley
331.028 640.788 16 8.5 (Fig
349.226 640.788 10.43 8.5 2).
361.812 640.788 28.79 8.5 Similar
392.823 640.788 22.69 8.5 flying
417.711 640.788 53.79 8.5 specifications
473.78 640.788 19.04 8.5 were
495.04 640.788 20.66 8.5 used,
517.887 640.788 13.35 8.5 but
533.42 640.788 12.52 8.5 the
548.104 640.788 25.97 8.5 500-m

200.012 653.827 19.03 8.5 wide
221.215 653.827 21.75 8.5 strips
245.195 653.827 19.04 8.5 were
266.398 653.827 46.54 8.5 contiguous,
315.211 653.827 33.96 8.5 allowing
351.381 653.827 21.85 8.5 100%
375.418 653.827 35.01 8.5 coverage
412.665 653.827 7.97 8.5 of
422.813 653.827 4.37 8.5 a
429.333 653.827 23.11 8.5 single
454.618 653.827 43.89 8.5 183,163-ha
500.766 653.827 23.06 8.5 count
525.994 653.827 21.81 8.5 block
550.031 653.827 24.58 8.5 repre-

200.012 666.81 29.11 8.5 senting
231.306 666.81 24.1 8.5 71.8%
257.611 666.81 7.97 8.5 of
267.759 666.81 12.52 8.5 the
282.442 666.81 14.76 8.5 Rift
299.394 666.81 24.99 8.5 Valley
326.606 666.81 15.12 8.5 and
343.897 666.81 24.1 8.5 49.9%
370.203 666.81 7.97 8.5 of
380.351 666.81 22.36 8.5 GNP,
404.898 666.81 46.61 8.5 respectively
453.767 666.81 25.61 8.5 (Table
481.547 666.81 7.04 8.5 1,
490.788 666.81 12.61 8.5 Fig
505.584 666.81 10.43 8.5 2).
518.17 666.81 8.91 8.5 In
529.282 666.81 19.04 8.5 2016
550.485 666.81 15.12 8.5 and

200.012 679.792 21.29 8.5 2018,
223.482 679.792 11.1 8.5 we
236.748 679.792 34.91 8.5 included
273.882 679.792 9.85 8.5 an
285.901 679.792 40.54 8.5 additional
328.704 679.792 22.07 8.5 series
352.968 679.792 7.97 8.5 of
363.116 679.792 63.81 8.5 non-contiguous
429.163 679.792 35.18 8.5 transects
466.58 679.792 31.36 8.5 situated
500.142 679.792 8.08 8.5 to
510.403 679.792 12.52 8.5 the
525.087 679.792 17.68 8.5 west
544.986 679.792 17.68 8.5 (100

200.012 692.831 15.12 8.5 and
217.303 692.831 14.29 8.5 185
233.744 692.831 13.18 8.5 km
249.107 692.831 50 8.5 respectively)
301.378 692.831 15.12 8.5 and
318.669 692.831 15.18 8.5 east
336.074 692.831 17.68 8.5 (125
355.916 692.831 15.12 8.5 and
373.207 692.831 14.29 8.5 205
389.705 692.831 16.57 8.5 km)
408.47 692.831 7.97 8.5 of
418.618 692.831 12.52 8.5 the
433.301 692.831 20.69 8.5 main
456.205 692.831 44.37 8.5 total-count
502.806 692.831 24.06 8.5 block.
529.055 692.831 17.67 8.5 This

36 77.9221 18.7358 6.79991 Table
56.4093 77.9221 5.95993 6.79991 1.
65.8196 77.9221 32.3996 6.79991 Summary
99.892 77.9221 6.78392 6.79991 of
108.396 77.9221 18.6078 6.79991 aerial
128.692 77.9221 19.0718 6.79991 count
149.442 77.9221 21.5277 6.79991 survey
172.629 77.9221 43.7075 6.79991 methodology
218.039 77.9221 2.83196 6.79991 (

220.819 76.6391 2.7999 4.75983 �
225.864 77.9221 25.6477 6.79991 denotes
253.189 77.9221 13.3678 6.79991 lack
268.27 77.9221 6.78392 6.79991 of
276.717 77.9221 46.4794 6.79991 georeferenced
324.906 77.9221 19.2798 6.79991 data).

41.7831 92.7755 20.7277 6.79991 Aerial
64.29 92.7755 19.2318 6.79991 count
85.3234 92.7755 14.2318 6.79991 year

117.412 102.243 22.8957 6.79991 Month

151.54 92.7755 16.8158 6.79991 Type
170.136 92.7755 6.82391 6.79991 of
178.809 92.7755 29.9676 6.79991 platform

266.229 92.7755 16.8158 6.79991 Type
284.881 92.7755 6.82391 6.79991 of
293.498 92.7755 19.2318 6.79991 count

377.063 92.7755 16.7358 6.79991 Strip
395.601 92.7755 19.3998 6.79991 width

389.819 102.243 12.4078 6.79991 (m)

440.502 92.7755 6.07992 6.79991 %
448.382 92.7755 6.82391 6.79991 of
457.056 92.7755 12.9838 6.79991 Rift
471.853 92.7755 21.1437 6.79991 Valley

452.691 102.243 28.1436 6.79991 sampled

526.164 92.7755 6.07992 6.79991 %
534.102 92.7755 6.82391 6.79991 of
542.775 92.7755 16.5758 6.79991 GNP

528.715 102.243 28.1436 6.79991 sampled

36.0008 114.772 15.3278 6.79991 1968
53.1222 114.772 11.3279 6.79991 late
66.2748 114.772 10.9119 6.79991 dry
78.9738 114.772 21.2317 6.79991 season

101.99 113.432 2.7999 4.75983 �
111.798 114.772 34.1436 6.79991 November

161.914 114.772 36.4635 6.79991 Fixed-wing

273.031 114.772 12.4958 6.79991 Full
287.375 114.772 18.5758 6.79991 count

387.437 114.772 17.1598 6.79991 1,000

458.133 114.772 17.1598 6.79991 100.0

536.085 114.772 13.3278 6.79991 64.7

42.3501 127.244 15.3278 6.79991 1969
59.4715 127.244 11.3279 6.79991 wet
72.6241 127.244 21.2317 6.79991 season

95.6409 125.961 2.7999 4.75983 �

114.293 127.245 29.1516 6.79991 February

161.915 127.245 36.4635 6.79991 Fixed-wing

273.032 127.245 12.4958 6.79991 Full
287.376 127.245 18.5758 6.79991 count

387.438 127.245 17.1598 6.79991 1,000

458.134 127.245 17.1598 6.79991 100.0

536.086 127.245 13.3278 6.79991 64.7

38.5523 139.774 15.3278 6.79991 1969
55.6729 139.774 11.3279 6.79991 late
68.8256 139.774 10.9119 6.79991 dry
81.5254 139.774 21.2317 6.79991 season

115.653 139.774 26.4077 6.79991 October

161.915 139.774 36.4635 6.79991 Fixed-wing

273.032 139.774 12.4958 6.79991 Full
287.376 139.774 18.5758 6.79991 count

387.438 139.774 17.1598 6.79991 1,000

458.134 139.774 17.1598 6.79991 100.0

536.086 139.774 13.3278 6.79991 64.7

44.9019 152.246 15.3278 6.79991 1970
62.0225 152.246 11.3279 6.79991 wet
75.1751 152.246 21.2317 6.79991 season

116.391 152.246 24.9837 6.79991 January

161.915 152.246 36.4635 6.79991 Fixed-wing

273.032 152.246 12.4958 6.79991 Full
287.376 152.246 18.5758 6.79991 count

387.438 152.246 17.1598 6.79991 1,000

458.134 152.246 17.1598 6.79991 100.0

536.086 152.246 13.3278 6.79991 64.7

42.3507 164.775 15.3278 6.79991 1971
59.4713 164.775 11.3279 6.79991 wet
72.6239 164.775 21.2317 6.79991 season

95.6409 163.435 2.7999 4.75983 �

118.205 164.775 21.3197 6.79991 March

161.915 164.775 36.4635 6.79991 Fixed-wing

273.032 164.775 12.4958 6.79991 Full
287.376 164.775 18.5758 6.79991 count

387.438 164.775 17.1598 6.79991 1,000

458.134 164.775 17.1598 6.79991 100.0

536.086 164.775 13.3278 6.79991 64.7

38.5524 177.247 15.3278 6.79991 1972
55.6738 177.247 11.3279 6.79991 late
68.8264 177.247 10.9119 6.79991 dry
81.5255 177.247 21.2317 6.79991 season

115.654 177.247 26.4077 6.79991 October

161.915 177.247 36.4635 6.79991 Fixed-wing

273.032 177.247 12.4958 6.79991 Full
287.376 177.247 18.5758 6.79991 count

387.438 177.247 17.1598 6.79991 1,000

458.134 177.247 17.1598 6.79991 100.0

536.086 177.247 13.3278 6.79991 64.7

38.5524 189.776 15.3278 6.79991 1994
55.6738 189.776 11.3279 6.79991 late
68.8264 189.776 10.9119 6.79991 dry
81.5255 189.776 21.2317 6.79991 season

121.493 189.776 14.7438 6.79991 June

161.915 189.776 36.4635 6.79991 Fixed-wing

267.59 189.776 23.4797 6.79991 Sample
292.818 189.776 18.5758 6.79991 count

390.273 189.776 11.4959 6.79991 255

461.989 189.776 9.49588 6.79991 4.2

538.013 189.776 9.49588 6.79991 2.9

38.5524 202.248 15.3278 6.79991 1997
55.6738 202.248 11.3279 6.79991 late
68.8264 202.248 10.9119 6.79991 dry
81.5255 202.248 21.2317 6.79991 season

115.654 202.248 26.4077 6.79991 October

161.915 202.248 36.4635 6.79991 Fixed-wing

267.59 202.248 23.4797 6.79991 Sample
292.818 202.248 18.5758 6.79991 count

390.273 202.248 11.4959 6.79991 255

461.989 202.248 9.49588 6.79991 6.5

538.013 202.248 9.49588 6.79991 5.2

38.5524 214.778 15.3278 6.79991 2000
55.6738 214.778 11.3279 6.79991 late
68.8264 214.778 10.9119 6.79991 dry
81.5255 214.778 21.2317 6.79991 season

115.654 214.778 26.4077 6.79991 October

163.048 214.778 34.2236 6.79991 Helicopter

267.59 214.778 23.4797 6.79991 Sample
292.818 214.778 18.5758 6.79991 count

390.273 214.778 11.4959 6.79991 500

460.062 214.778 13.3278 6.79991 13.6

536.086 214.778 13.3278 6.79991 11.6

38.5524 227.25 15.3278 6.79991 2001
55.6738 227.25 11.3279 6.79991 late
68.8264 227.25 10.9119 6.79991 dry
81.5255 227.25 21.2317 6.79991 season
111.799 227.25 34.1436 6.79991 November

163.048 227.25 34.2236 6.79991 Helicopter

267.59 227.25 23.4797 6.79991 Sample
292.818 227.25 18.5758 6.79991 count

390.273 227.25 11.4959 6.79991 500

460.062 227.25 13.3278 6.79991 24.8

536.086 227.25 13.3278 6.79991 24.4

38.5524 239.722 15.3278 6.79991 2002
55.6738 239.722 11.3279 6.79991 late
68.8264 239.722 10.9119 6.79991 dry
81.5255 239.722 21.2317 6.79991 season
111.799 239.722 34.1436 6.79991 November

163.048 239.722 34.2236 6.79991 Helicopter

267.59 239.722 23.4797 6.79991 Sample
292.818 239.722 18.5758 6.79991 count

390.273 239.722 11.4959 6.79991 500

460.062 239.722 13.3278 6.79991 21.4

536.086 239.722 13.3278 6.79991 14.6

38.5524 252.252 15.3278 6.79991 2004
55.6738 252.252 11.3279 6.79991 late
68.8264 252.252 10.9119 6.79991 dry
81.5255 252.252 21.2317 6.79991 season

115.654 252.252 26.4077 6.79991 October

161.915 252.252 36.4635 6.79991 Fixed-wing

267.59 252.252 23.4797 6.79991 Sample
292.818 252.252 18.5758 6.79991 count

390.273 252.252 11.4959 6.79991 303

461.989 252.252 9.49588 6.79991 9.9

538.013 252.252 9.49588 6.79991 9.6

38.5524 264.723 15.3278 6.79991 2007
55.6738 264.723 11.3279 6.79991 late
68.8264 264.723 10.9119 6.79991 dry
81.5255 264.723 21.2317 6.79991 season
111.799 264.723 34.1436 6.79991 November

163.048 264.723 34.2236 6.79991 Helicopter

267.59 264.723 23.4797 6.79991 Sample
292.818 264.723 18.5758 6.79991 count

390.273 264.723 11.4959 6.79991 500

460.062 264.723 13.3278 6.79991 24.7

536.086 264.723 13.3278 6.79991 21.9

38.5524 277.253 15.3278 6.79991 2010
55.6738 277.253 11.3279 6.79991 late
68.8264 277.253 10.9119 6.79991 dry
81.5255 277.253 21.2317 6.79991 season
111.799 277.253 34.1436 6.79991 November

163.048 277.253 34.2236 6.79991 Helicopter

267.59 277.253 23.4797 6.79991 Sample
292.818 277.253 18.5758 6.79991 count

390.273 277.253 11.4959 6.79991 500

460.062 277.253 13.3278 6.79991 24.7

536.086 277.253 13.3278 6.79991 22.5

36.4548 289.726 15.3278 6.79991 2012
53.5754 289.726 15.5758 6.79991 early
70.924 289.726 10.9119 6.79991 dry
83.6798 289.726 21.2317 6.79991 season

121.663 289.726 14.3198 6.79991 May

163.048 289.726 34.2236 6.79991 Helicopter

267.59 289.726 23.4797 6.79991 Sample
292.818 289.726 18.5758 6.79991 count

390.273 289.726 11.4959 6.79991 500

460.062 289.726 13.3278 6.79991 25.8

536.086 289.726 13.3278 6.79991 23.8

38.5524 302.254 15.3278 6.79991 2014
55.6738 302.254 11.3279 6.79991 late
68.8264 302.254 10.9119 6.79991 dry
81.5255 302.254 21.2317 6.79991 season

115.654 302.254 26.4077 6.79991 October

163.048 302.254 34.2236 6.79991 Helicopter

273.032 302.254 12.4958 6.79991 Full
287.376 302.254 18.5758 6.79991 count

390.273 302.254 11.4959 6.79991 500

460.062 302.254 13.3278 6.79991 71.8

536.086 302.254 13.3278 6.79991 49.9

38.5524 314.727 15.3278 6.79991 2016
55.6738 314.727 11.3279 6.79991 late
68.8264 314.727 10.9119 6.79991 dry
81.5255 314.727 21.2317 6.79991 season

115.654 314.727 26.4077 6.79991 October

163.048 314.727 34.2236 6.79991 Helicopter

273.032 314.727 12.4958 6.79991 Full
287.376 314.727 18.5758 6.79991 count

220.932 324.251 14.3198 6.79991 with
237.089 324.251 32.614 6.79991 additional
271.558 324.251 22.5597 6.79991 sample
295.936 324.251 14.9038 6.79991 lines
312.603 324.251 23.4797 6.79991 outside
337.889 324.251 6.40792 6.79991 of
346.109 324.251 11.9039 6.79991 Rift

279.438 333.775 20.1517 6.79991 Valley

390.273 314.727 11.4959 6.79991 500

460.062 314.727 13.3278 6.79991 73.0

536.086 314.727 13.3278 6.79991 53.9

38.5524 346.248 15.3278 6.79991 2018
55.6738 346.248 11.3279 6.79991 late
68.8264 346.248 10.9119 6.79991 dry
81.5255 346.248 21.2317 6.79991 season

115.654 346.248 26.4077 6.79991 October

163.048 346.248 34.2236 6.79991 Helicopter

273.032 346.248 12.4958 6.79991 Full
287.376 346.248 18.5758 6.79991 count

220.932 355.772 14.3198 6.79991 with
237.089 355.772 32.614 6.79991 additional
271.558 355.772 22.5597 6.79991 sample
295.936 355.772 14.9038 6.79991 lines
312.603 355.772 23.4797 6.79991 outside
337.889 355.772 6.40792 6.79991 of
346.109 355.772 11.9039 6.79991 Rift

279.438 365.24 20.1517 6.79991 Valley

390.273 346.248 11.4959 6.79991 500

460.062 346.248 13.3278 6.79991 74.2

536.086 346.248 13.3278 6.79991 58.9

36.0012 380.264 151.109 6.79991 https://doi.org/10.1371/journal.pone.0212864.t001

428.882 40.4611 44.7434 7.39991 War-induced
475.256 40.4611 23.5197 7.39991 wildlife
500.428 40.4611 28.8716 7.39991 collapse
530.929 40.4611 13.1678 7.39991 and
545.782 40.4611 30.2956 7.39991 recovery

36 750.256 21.1997 7.39991 PLOS
58.8469 750.256 17.2398 7.39991 ONE
77.7819 750.256 2.07997 7.39991 |
81.5802 750.256 156.363 7.39991 https://doi.org/10.1371/journal.pone.0212864
245.876 750.256 21.9997 7.39991 March
269.573 750.256 10.9999 7.39991 13,
282.272 750.256 17.5438 7.39991 2019

557.118 750.256 4.41594 7.39991 5
563.241 750.256 2.24797 7.39991 /
567.209 750.256 8.79189 7.39991 18

428.882 40.4611 44.7434 7.39991 War-induced
475.256 40.4611 23.5197 7.39991 wildlife
500.428 40.4611 28.8716 7.39991 collapse
530.929 40.4611 13.1678 7.39991 and
545.782 40.4611 30.2956 7.39991 recovery

36 750.256 21.1997 7.39991 PLOS
58.8469 750.256 17.2398 7.39991 ONE
77.7819 750.256 2.07997 7.39991 |
81.5802 750.256 156.363 7.39991 https://doi.org/10.1371/journal.pone.0212864
245.876 750.256 21.9997 7.39991 March
269.573 750.256 10.9999 7.39991 13,
282.272 750.256 17.5438 7.39991 2019

557.118 750.256 4.41594 7.39991 6
563.241 750.256 2.24797 7.39991 /
567.209 750.256 8.79189 7.39991 18

200.012 133.048 40.84 8.5 amounted
243.041 133.048 8.08 8.5 to
253.303 133.048 26.04 8.5 11,250
281.535 133.048 9.64 8.5 ha
293.384 133.048 7.97 8.5 of
303.532 133.048 40.54 8.5 additional
346.278 133.048 35.01 8.5 coverage
383.525 133.048 8.18 8.5 in
393.9 133.048 19.04 8.5 2016
415.103 133.048 15.12 8.5 and
432.394 133.048 26.04 8.5 19,500
460.627 133.048 9.64 8.5 ha
472.476 133.048 8.18 8.5 in
482.794 133.048 21.29 8.5 2018,
506.265 133.048 24.3 8.5 which
532.797 133.048 11.1 8.5 we
546.063 133.048 18.41 8.5 used

200.012 146.03 18.41 8.5 both
220.591 146.03 8.08 8.5 to
230.852 146.03 23 8.5 assess
256.08 146.03 29.48 8.5 wildlife
287.772 146.03 34.75 8.5 densities
324.735 146.03 29.11 8.5 outside
356.086 146.03 7.97 8.5 of
366.234 146.03 12.52 8.5 the
380.917 146.03 32.33 8.5 primary
415.443 146.03 23.06 8.5 count
440.728 146.03 21.81 8.5 block
464.709 146.03 15.12 8.5 and
482 146.03 8.08 8.5 to
492.262 146.03 30.67 8.5 provide
525.143 146.03 32.09 8.5 baseline

200.012 159.069 16.95 8.5 data
219.117 159.069 19.86 8.5 from
241.17 159.069 24.3 8.5 which
267.702 159.069 8.08 8.5 to
277.964 159.069 33.17 8.5 monitor
313.34 159.069 12.52 8.5 the
328.023 159.069 33.56 8.5 eventual
363.796 159.069 51.6 8.5 repopulation
417.654 159.069 7.97 8.5 of
427.802 159.069 20.35 8.5 these
450.366 159.069 33.13 8.5 outlying
485.685 159.069 22.49 8.5 areas.

211.974 172.052 30.68 8.5 Surveys
244.912 172.052 19.86 8.5 from
266.965 172.052 19.04 8.5 1994
288.168 172.052 34.32 8.5 onwards
324.678 172.052 34.91 8.5 included
361.812 172.052 27.75 8.5 species
391.802 172.052 11.68 8.5 for
405.635 172.052 24.3 8.5 which
432.168 172.052 43.39 8.5 little-to-no
477.748 172.052 31.51 8.5 pre-war
511.48 172.052 16.95 8.5 data
530.642 172.052 12.31 8.5 are
545.099 172.052 21.86 8.5 avail-

200.012 185.035 18.37 8.5 able.
220.534 185.035 22.26 8.5 From
245.025 185.035 45.45 8.5 2007–2018,
292.704 185.035 20.35 8.5 these
315.211 185.035 34.91 8.5 included
352.344 185.035 4.37 8.5 a
358.921 185.035 17.85 8.5 total
378.933 185.035 7.97 8.5 of
389.081 185.035 9.54 8.5 19
400.817 185.035 42.11 8.5 herbivores
445.15 185.035 15.91 8.5 (the
463.235 185.035 17.89 8.5 nine
483.304 185.035 19.41 8.5 large
504.904 185.035 27.75 8.5 species
534.894 185.035 21.24 8.5 listed

200.012 198.074 25.51 8.5 above,
227.734 198.074 16.53 8.5 plus
246.443 198.074 29.41 8.5 impala,
278.077 198.074 41.01 8.5 bushbuck,
321.277 198.074 39.25 8.5 reedbuck,
362.776 198.074 17.16 8.5 grey
382.108 198.074 15.12 8.5 and
399.399 198.074 13.25 8.5 red
414.82 198.074 28.39 8.5 duiker,
445.434 198.074 23.06 8.5 kudu,
470.662 198.074 23.43 8.5 nyala,
496.287 198.074 21.44 8.5 oribi,
519.984 198.074 33.95 8.5 bushpig,
556.154 198.074 15.12 8.5 and

200.012 211.056 38.5 8.5 warthog),
240.717 211.056 7.97 8.5 as
250.865 211.056 16.02 8.5 well
269.063 211.056 7.97 8.5 as
279.211 211.056 12.52 8.5 the
293.951 211.056 31.97 8.5 number
328.08 211.056 7.97 8.5 of
338.228 211.056 30.09 8.5 baboon
370.543 211.056 25.96 8.5 (Papio
398.662 211.246 55.09 9.24 cynocephalus)
455.922 211.056 27.86 8.5 troops.
486.025 211.056 11.79 8.5 All
499.972 211.056 19.82 8.5 eight
522.025 211.056 40.03 8.5 helicopter

200.012 224.039 29.53 8.5 surveys
231.759 224.039 19.04 8.5 were
252.962 224.039 22.74 8.5 flown
277.907 224.039 9.64 8.5 by
289.699 224.039 12.52 8.5 the
304.439 224.039 20.38 8.5 same
327.003 224.039 18.36 8.5 pilot
347.526 224.039 14.59 8.5 (M.
364.363 224.039 25.71 8.5 Pingo,
392.256 224.039 29.74 8.5 Sunrise
424.231 224.039 37.97 8.5 Aviation)
464.426 224.039 21.69 8.5 using
488.293 224.039 4.37 8.5 a
494.869 224.039 14.98 8.5 Bell
511.991 224.039 10.54 8.5 Jet
524.746 224.039 28.64 8.5 Ranger
555.587 224.039 15.12 8.5 and

200.012 237.078 12.52 8.5 the
214.695 237.078 20.38 8.5 same
237.259 237.078 54.87 8.5 custom-made
294.405 237.078 26.45 8.5 census
323.034 237.078 35.9 8.5 software.
361.188 237.078 19.14 8.5 Both
382.505 237.078 11.2 8.5 M.
395.884 237.078 36.15 8.5 Stalmans
434.265 237.078 15.12 8.5 and
451.556 237.078 11.2 8.5 M.
464.936 237.078 16.54 8.5 Peel
483.644 237.078 47.74 8.5 participated
533.647 237.078 8.18 8.5 in
544.022 237.078 12.52 8.5 the

200.012 250.061 43.2 8.5 2010–2018
245.422 250.061 31.78 8.5 surveys.
279.438 250.061 8.91 8.5 In
290.493 250.061 20.1 8.5 total,
312.773 250.061 14.08 8.5 our
329.044 250.061 27.76 8.5 dataset
359.034 250.061 40.47 8.5 comprises
401.724 250.061 26.04 8.5 70,102
429.957 250.061 61.38 8.5 large-herbivore
493.622 250.061 37.82 8.5 sightings,
533.647 250.061 18.1 8.5 each
553.943 250.061 17.78 8.5 with

200.012 263.044 40.33 8.5 associated
242.588 263.044 19.1 8.5 date,
263.847 263.044 20.34 8.5 time,
286.411 263.044 71.56 8.5 latitude/longitude
360.225 263.044 37.92 8.5 (digitized
400.42 263.044 19.86 8.5 from
422.473 263.044 25.93 8.5 survey
450.593 263.044 21.31 8.5 maps
474.12 263.044 11.68 8.5 for
487.953 263.044 31.51 8.5 pre-war
521.685 263.044 29.53 8.5 surveys
553.433 263.044 15.12 8.5 and

200.012 276.026 17.51 8.5 GPS
219.684 276.026 36.3 8.5 positions
258.235 276.026 11.68 8.5 for
272.124 276.026 35.21 8.5 post-war
309.542 276.026 35.17 8.5 surveys),
346.959 276.026 27.75 8.5 species
376.892 276.026 33.09 8.5 identity,
412.212 276.026 15.12 8.5 and
429.503 276.026 31.97 8.5 number
463.689 276.026 7.97 8.5 of
473.837 276.026 44.24 8.5 individuals
520.324 276.026 35.74 8.5 observed

200.012 289.065 27.59 8.5 (S1–S5
229.775 289.065 28.07 8.5 Tables,
260.106 289.065 9.54 8.5 S1
271.784 289.065 20.3 8.5 File).
294.291 289.065 35.05 8.5 Whereas
331.538 289.065 31.08 8.5 animals
364.873 289.065 19.04 8.5 were
386.076 289.065 47.64 8.5 individually
435.966 289.065 32.56 8.5 counted
470.718 289.065 27.07 8.5 during
500.029 289.065 12.52 8.5 the
514.712 289.065 31.78 8.5 surveys,
548.727 289.065 8.18 8.5 in

200.012 302.048 19.04 8.5 2014
221.215 302.048 15.12 8.5 and
238.506 302.048 21.29 8.5 2018,
262.033 302.048 16.22 8.5 part
280.402 302.048 7.97 8.5 of
290.55 302.048 12.52 8.5 the
305.233 302.048 41.64 8.5 waterbuck
349.113 302.048 43.66 8.5 population
395.034 302.048 14.8 8.5 was
411.985 302.048 8.7 8.5 so
422.87 302.048 52.25 8.5 concentrated
477.351 302.048 15.6 8.5 that
495.153 302.048 14.55 8.5 this
511.877 302.048 37.29 8.5 approach
551.392 302.048 24.47 8.5 risked

200.012 315.031 51.25 8.5 inaccuracies.
253.473 315.031 41.7 8.5 Therefore,
297.409 315.031 50.28 8.5 photographs
349.963 315.031 19.04 8.5 were
371.166 315.031 22.02 8.5 taken
395.374 315.031 7.97 8.5 of
405.522 315.031 20.35 8.5 these
428.086 315.031 19.41 8.5 large
449.686 315.031 22.12 8.5 herds
474.007 315.031 15.12 8.5 and
491.298 315.031 12.52 8.5 the
505.981 315.031 31.97 8.5 number
540.167 315.031 7.97 8.5 of
550.315 315.031 19.61 8.5 indi-

200.012 328.07 28.17 8.5 viduals
230.399 328.07 14.8 8.5 was
247.35 328.07 51.82 8.5 subsequently
301.434 328.07 46.28 8.5 determined
349.963 328.07 19.86 8.5 from
372.017 328.07 12.52 8.5 the
386.7 328.07 52.53 8.5 photographs.
441.465 328.07 6.87 8.5 A
450.536 328.07 27.64 8.5 similar
480.413 328.07 37.29 8.5 approach
519.928 328.07 14.8 8.5 was
536.879 328.07 18.41 8.5 used
557.515 328.07 17.79 8.5 dur-

200.012 341.052 12.82 8.5 ing
215.035 341.052 12.52 8.5 the
229.718 341.052 31.51 8.5 pre-war
263.45 341.052 26.66 8.5 counts
292.307 341.052 11.68 8.5 for
306.14 341.052 21.11 8.5 some
329.441 341.052 7.97 8.5 of
339.589 341.052 12.52 8.5 the
354.329 341.052 19.41 8.5 large
375.929 341.052 27.96 8.5 buffalo
406.089 341.052 22.12 8.5 herds
430.41 341.052 18.57 8.5 [29].

200.012 371.973 24.349 10.1999 Data
226.941 371.973 42.2984 10.1999 Analysis

211.975 390.321 47.19 8.5 Converting
261.467 390.321 15.53 8.5 raw
279.155 390.321 23.88 8.5 count
305.234 390.321 18.19 8.5 data
325.643 390.321 17.04 8.5 into
344.862 390.321 48.97 8.5 comparable
396.112 390.321 30.14 8.5 density
428.483 390.321 41.46 8.5 estimates.
477.976 390.321 11.2 8.5 To
491.355 390.321 32.51 8.5 increase
526.108 390.321 48.72 8.5 comparabil-

200.013 403.303 10.22 8.5 ity
212.428 403.303 7.97 8.5 of
222.576 403.303 16.95 8.5 data
241.681 403.303 24.57 8.5 across
268.44 403.303 22.7 8.5 years,
293.385 403.303 11.1 8.5 we
306.651 403.303 37.64 8.5 restricted
346.506 403.303 14.08 8.5 our
362.777 403.303 31.04 8.5 analysis
395.999 403.303 8.08 8.5 to
406.26 403.303 29.64 8.5 include
438.121 403.303 17.58 8.5 only
457.907 403.303 21.18 8.5 those
481.264 403.303 29.85 8.5 records
513.295 403.303 15.6 8.5 that
531.097 403.303 19.04 8.5 were

200.013 416.286 28.6 8.5 located
230.796 416.286 25.92 8.5 within
258.916 416.286 12.52 8.5 the
273.656 416.286 43.89 8.5 170,813-ha
319.747 416.286 14.76 8.5 Rift
336.698 416.286 24.99 8.5 Valley
363.911 416.286 30.15 8.5 portion
396.225 416.286 7.97 8.5 of
406.373 416.286 12.52 8.5 the
421.113 416.286 43.2 8.5 2014–2018
466.524 416.286 23.06 8.5 count
491.752 416.286 21.81 8.5 block
515.79 416.286 16 8.5 (Fig
533.988 416.286 10.43 8.5 2),
546.574 416.286 24.3 8.5 which

200.013 429.325 33.24 8.5 includes
235.445 429.325 12.52 8.5 the
250.129 429.325 70.66 8.5 most-consistently
323.092 429.325 35.43 8.5 surveyed
360.736 429.325 27.65 8.5 habitat
390.613 429.325 8.18 8.5 in
400.931 429.325 12.52 8.5 the
415.671 429.325 17.27 8.5 core
435.116 429.325 7.97 8.5 of
445.264 429.325 12.52 8.5 the
459.948 429.325 20.45 8.5 park.
482.568 429.325 14.08 8.5 For
498.839 429.325 12.52 8.5 the
513.522 429.325 31.51 8.5 pre-war
547.254 429.325 15.12 8.5 and

200.013 442.308 43.2 8.5 2014–2018
245.423 442.308 17.85 8.5 total
265.436 442.308 28.91 8.5 counts,
296.56 442.308 11.1 8.5 we
309.826 442.308 39.83 8.5 calculated
351.892 442.308 34.75 8.5 densities
388.855 442.308 7.97 8.5 of
399.003 442.308 18.1 8.5 each
419.299 442.308 27.75 8.5 species
449.29 442.308 25.92 8.5 within
477.409 442.308 14.55 8.5 this
494.133 442.308 16.64 8.5 area
512.955 442.308 9.64 8.5 by
524.804 442.308 33.22 8.5 dividing
560.237 442.308 12.52 8.5 the

200.013 455.29 14.91 8.5 raw
217.077 455.29 23.06 8.5 count
242.362 455.29 16.95 8.5 data
261.467 455.29 9.64 8.5 by
273.316 455.29 12.52 8.5 the
287.999 455.29 17.85 8.5 total
308.012 455.29 16.64 8.5 area
326.89 455.29 7.97 8.5 of
337.038 455.29 12.52 8.5 the
351.722 455.29 23.06 8.5 count
376.95 455.29 24.06 8.5 block;
403.198 455.29 11.68 8.5 for
417.088 455.29 12.52 8.5 the
431.772 455.29 43.2 8.5 1994–2012
477.182 455.29 28 8.5 sample
507.399 455.29 28.91 8.5 counts,
538.524 455.29 11.1 8.5 we
551.79 455.29 17.01 8.5 esti-

200.013 468.273 25.03 8.5 mated
227.225 468.273 34.75 8.5 densities
264.188 468.273 9.64 8.5 by
276.037 468.273 33.22 8.5 dividing
311.47 468.273 12.52 8.5 the
326.153 468.273 14.91 8.5 raw
343.274 468.273 23.06 8.5 count
368.503 468.273 16.95 8.5 data
387.665 468.273 9.64 8.5 by
399.457 468.273 12.52 8.5 the
414.197 468.273 16.64 8.5 area
433.019 468.273 33.27 8.5 sampled
468.508 468.273 17.07 8.5 (i.e.,
487.784 468.273 12.52 8.5 the
502.467 468.273 34.77 8.5 summed

200.013 481.312 53.87 8.5 length×width
256.081 481.312 7.97 8.5 of
266.229 481.312 9.29 8.5 all
277.738 481.312 20.92 8.5 flight
300.868 481.312 25.14 8.5 strips)
328.194 481.312 25.92 8.5 within
356.314 481.312 12.52 8.5 the
371.054 481.312 23.06 8.5 count
396.282 481.312 24.06 8.5 block.
422.531 481.312 6.87 8.5 A
431.601 481.312 31.47 8.5 detailed
465.277 481.312 35.28 8.5 rationale
502.751 481.312 11.68 8.5 for
516.64 481.312 14.55 8.5 this
533.365 481.312 37.29 8.5 approach

200.013 494.295 6.3 8.5 is
208.461 494.295 38.93 8.5 presented
249.618 494.295 8.18 8.5 in
259.993 494.295 9.54 8.5 S1
271.672 494.295 41.72 8.5 Appendix.

211.975 507.277 40.73 8.5 Grouping
254.947 507.277 8.49 8.5 of
265.606 507.277 30.15 8.5 counts.
303.816 507.277 11.2 8.5 To
317.196 507.277 38.21 8.5 minimize
357.618 507.277 12.52 8.5 the
372.301 507.277 21.45 8.5 effect
395.999 507.277 7.97 8.5 of
406.147 507.277 36.55 8.5 sampling
444.924 507.277 54.51 8.5 shortcomings
501.673 507.277 15.12 8.5 and
518.965 507.277 14.39 8.5 any
535.576 507.277 35.07 8.5 resulting

200.013 520.317 55.67 8.5 idiosyncrasies
257.895 520.317 8.81 8.5 or
268.837 520.317 23.52 8.5 biases
294.462 520.317 8.18 8.5 in
304.78 520.317 12.52 8.5 the
319.407 520.317 19.2 8.5 data,
340.78 520.317 12.52 8.5 the
355.407 520.317 9.54 8.5 15
367.029 520.317 26.66 8.5 counts
395.885 520.317 19.04 8.5 were
417.031 520.317 33.38 8.5 grouped
452.578 520.317 7.97 8.5 as
462.669 520.317 28.38 8.5 follows
493.17 520.317 11.68 8.5 for
507.003 520.317 36.83 8.5 graphical
546.007 520.317 29.95 8.5 presen-

200.013 533.299 25.78 8.5 tation:
227.962 533.299 20.46 8.5 three
250.639 533.299 31.51 8.5 pre-war
284.371 533.299 26.66 8.5 counts
313.227 533.299 19.86 8.5 from
335.281 533.299 19.04 8.5 1969
356.484 533.299 8.08 8.5 to
366.745 533.299 21.29 8.5 1972,
390.216 533.299 14.34 8.5 five
406.77 533.299 26.66 8.5 counts
435.627 533.299 27.07 8.5 during
464.88 533.299 19.31 8.5 early
486.423 533.299 34.29 8.5 recovery
522.876 533.299 19.86 8.5 from
544.93 533.299 19.04 8.5 1994
566.19 533.299 8.08 8.5 to

200.013 546.282 21.29 8.5 2002,
223.483 546.282 16.95 8.5 four
242.645 546.282 26.66 8.5 counts
271.502 546.282 27.07 8.5 during
300.755 546.282 12.52 8.5 the
315.438 546.282 28.11 8.5 middle
345.769 546.282 22.63 8.5 phase
370.6 546.282 19.86 8.5 from
392.654 546.282 19.04 8.5 2004
413.913 546.282 8.08 8.5 to
424.118 546.282 21.29 8.5 2012,
447.645 546.282 15.12 8.5 and
464.937 546.282 20.46 8.5 three
487.557 546.282 26.66 8.5 counts
516.414 546.282 19.86 8.5 from
538.467 546.282 19.04 8.5 2014
559.727 546.282 8.08 8.5 to

200.013 559.321 21.29 8.5 2018.
223.483 559.321 13.91 8.5 We
239.584 559.321 39.83 8.5 calculated
281.593 559.321 12.52 8.5 the
296.333 559.321 25.86 8.5 means
324.396 559.321 15.12 8.5 and
341.687 559.321 35.01 8.5 standard
378.934 559.321 24.06 8.5 errors
405.183 559.321 7.97 8.5 of
415.331 559.321 18.1 8.5 each
435.57 559.321 35.11 8.5 response
472.93 559.321 24.57 8.5 across
499.689 559.321 12.52 8.5 the
514.373 559.321 14.7 8.5 3–5
531.267 559.321 29.53 8.5 surveys

200.013 572.304 25.92 8.5 within
228.132 572.304 18.1 8.5 each
248.428 572.304 36.55 8.5 sampling
287.206 572.304 32.68 8.5 interval.

211.975 585.286 39.58 8.5 Observed
253.814 585.286 15.74 8.5 and
271.728 585.286 35.98 8.5 modeled
309.939 585.286 46.05 8.5 population
358.241 585.286 29.11 8.5 trends.
395.375 585.286 11.2 8.5 To
408.754 585.286 32.41 8.5 evaluate
443.394 585.286 17.2 8.5 how
462.782 585.286 35.74 8.5 observed
500.71 585.286 35.21 8.5 post-war
538.127 585.286 30.98 8.5 popula-

200.013 598.325 16.22 8.5 tion
218.324 598.325 44.32 8.5 trajectories
264.812 598.325 40.21 8.5 compared
307.161 598.325 17.78 8.5 with
327.06 598.325 4.37 8.5 a
333.523 598.325 33.34 8.5 scenario
369.013 598.325 7.97 8.5 of
379.104 598.325 47.06 8.5 uninhibited
428.313 598.325 36.54 8.5 recovery,
466.978 598.325 11.1 8.5 we
480.187 598.325 18.41 8.5 used
500.71 598.325 16.95 8.5 data
519.758 598.325 19.86 8.5 from
541.755 598.325 12.52 8.5 the
556.382 598.325 19.58 8.5 liter-

200.013 611.308 20.56 8.5 ature
222.746 611.308 8.08 8.5 to
233.007 611.308 51.91 8.5 parameterize
287.149 611.308 26.33 8.5 simple
315.722 611.308 60.32 8.5 logistic-growth
378.31 611.308 28.84 8.5 models
409.378 611.308 11.68 8.5 for
423.211 611.308 14.91 8.5 two
440.332 611.308 30 8.5 species.
472.533 611.308 23.47 8.5 These
498.215 611.308 28.84 8.5 models
529.283 611.308 24.75 8.5 reflect
556.212 611.308 12.52 8.5 the

200.013 624.291 16.43 8.5 case
218.608 624.291 8.18 8.5 in
228.982 624.291 24.3 8.5 which
255.458 624.291 43.66 8.5 population
301.379 624.291 28.53 8.5 growth
332.106 624.291 6.3 8.5 is
340.61 624.291 47.07 8.5 constrained
389.876 624.291 17.58 8.5 only
409.661 624.291 9.64 8.5 by
421.51 624.291 23.27 8.5 initial
446.965 624.291 43.66 8.5 population
492.886 624.291 16.9 8.5 size,
511.992 624.291 33.5 8.5 intrinsic
547.708 624.291 25.41 8.5 repro-

200.013 637.273 29.22 8.5 ductive
231.42 637.273 15.12 8.5 and
248.711 637.273 22.12 8.5 death
273.032 637.273 21.14 8.5 rates,
296.39 637.273 15.12 8.5 and
313.681 637.273 33.34 8.5 carrying
349.227 637.273 32.5 8.5 capacity
383.98 637.273 17.07 8.5 (i.e.,
403.255 637.273 47.26 8.5 populations
452.748 637.273 12.31 8.5 are
467.204 637.273 13.56 8.5 not
482.965 637.273 49.79 8.5 substantially
535.009 637.273 39.34 8.5 depressed

200.013 650.313 9.64 8.5 by
211.805 650.313 48.74 8.5 interspecific
262.828 650.313 50.97 8.5 competition,
316.062 650.313 41.17 8.5 predation,
359.432 650.313 8.81 8.5 or
370.43 650.313 31.35 8.5 disease)
403.992 650.313 15.12 8.5 and
421.283 650.313 36.33 8.5 therefore
459.834 650.313 37.37 8.5 represent
499.406 650.313 12.52 8.5 the
514.146 650.313 40.19 8.5 ‘best-case’

200.013 663.295 34.29 8.5 recovery
236.522 663.295 33.34 8.5 scenario
272.069 663.295 11.68 8.5 for
285.902 663.295 14.39 8.5 any
302.513 663.295 21.59 8.5 given
326.267 663.295 30 8.5 species.
358.525 663.295 22.53 8.5 Thus,
383.243 663.295 12.52 8.5 the
397.926 663.295 28.84 8.5 models
428.994 663.295 20.35 8.5 serve
451.501 663.295 7.97 8.5 as
461.649 663.295 4.37 8.5 a
468.225 663.295 45.49 8.5 benchmark
515.903 663.295 9.64 8.5 by
527.752 663.295 24.3 8.5 which

200.013 676.278 35.74 8.5 observed
237.94 676.278 25.31 8.5 trends
265.436 676.278 14.08 8.5 can
281.706 676.278 9.33 8.5 be
293.215 676.278 32.5 8.5 assessed
327.967 676.278 29.18 8.5 relative
359.318 676.278 8.08 8.5 to
369.58 676.278 12.52 8.5 the
384.263 676.278 41.48 8.5 maximum
428.03 676.278 49.18 8.5 theoretically
479.45 676.278 31.87 8.5 possible
513.522 676.278 15.29 8.5 rate
530.984 676.278 7.97 8.5 of
541.131 676.278 32.51 8.5 increase

200.013 689.317 19.05 8.5 (e.g.,
221.272 689.317 21.96 8.5 [36]).
245.423 689.317 13.91 8.5 We
261.524 689.317 18.41 8.5 used
282.103 689.317 4.37 8.5 a
288.623 689.317 26.33 8.5 simple
317.196 689.317 57.99 8.5 age-structured
377.46 689.317 28.33 8.5 logistic
407.961 689.317 25.24 8.5 model
435.4 689.317 17.78 8.5 with
455.412 689.317 44.5 8.5 parameters
502.127 689.317 29.95 8.5 derived
534.272 689.317 19.86 8.5 from
556.325 689.317 12.52 8.5 the

200.013 702.3 50.02 8.5 PanTHERIA
252.113 702.3 33.05 8.5 database
287.206 702.3 17.93 8.5 [37],
307.218 702.3 14.8 8.5 and
323.999 702.3 17.3 8.5 with
343.331 702.3 33.99 8.5 plausible
379.388 702.3 52.46 8.5 lower-bound,
433.983 702.3 51.31 8.5 intermediate,
487.33 702.3 14.8 8.5 and
504.168 702.3 51.61 8.5 upper-bound

144.453 76.1641 10.5759 6.79991 Fig
156.755 76.1641 5.95993 6.79991 2.
165.315 76.1641 23.0237 6.79991 Layout
190.033 76.1641 6.78392 6.79991 of
198.48 76.1641 10.5759 6.79991 the
210.783 76.1641 18.1118 6.79991 flight
230.569 76.1641 18.6958 6.79991 strips
250.921 76.1641 18.8638 6.79991 (solid
271.501 76.1641 18.2798 6.79991 lines)
291.457 76.1641 6.78392 6.79991 in
299.961 76.1641 10.5759 6.79991 the
312.206 76.1641 18.6078 6.79991 aerial
332.502 76.1641 24.9437 6.79991 wildlife
359.091 76.1641 22.1117 6.79991 counts
382.902 76.1641 16.6958 6.79991 from
401.271 76.1641 35.7596 6.79991 1968–2018
438.631 76.1641 6.78392 6.79991 in
447.135 76.1641 18.4558 6.79991 GNP.
467.26 76.1641 18.5758 6.79991 Thick
487.5 76.1641 22.3677 6.79991 dashed
511.537 76.1641 14.7438 6.79991 lines
527.979 76.1641 25.4477 6.79991 indicate
555.077 76.1641 15.4878 6.79991 sides

144.453 85.6879 6.36792 6.79991 of
152.559 85.6879 9.99988 6.79991 the
164.238 85.6879 11.7839 6.79991 Rift
177.731 85.6879 21.7437 6.79991 Valley.
201.145 85.6879 15.6158 6.79991 Thin
218.437 85.6879 22.3677 6.79991 dashed
242.474 85.6879 11.8719 6.79991 line
256.024 85.6879 19.4878 6.79991 shows
277.17 85.6879 9.99988 6.79991 the
288.906 85.6879 35.598 6.79991 boundaries
326.209 85.6879 6.36792 6.79991 of
334.316 85.6879 9.99988 6.79991 the
345.995 85.6879 34.93 6.79991 183,163-ha
382.619 85.6879 18.4158 6.79991 count
402.744 85.6879 17.4158 6.79991 block
421.793 85.6879 14.7038 6.79991 used
438.177 85.6879 15.8638 6.79991 from
455.752 85.6879 34.3892 6.79991 2014–2018
491.865 85.6879 26.1517 6.79991 (bottom
519.701 85.6879 24.6957 6.79991 panels),
546.063 85.6879 19.4078 6.79991 which

144.453 95.1558 11.8239 6.79991 was
158.002 95.1558 41.2507 6.79991 subsequently
200.975 95.1558 14.7038 6.79991 used
217.359 95.1558 6.45592 6.79991 to
225.523 95.1558 19.7838 6.79991 subset
247.009 95.1558 9.99988 6.79991 the
258.688 95.1558 13.5358 6.79991 data
273.882 95.1558 15.8638 6.79991 from
291.457 95.1558 7.41591 6.79991 all
300.584 95.1558 25.3677 6.79991 surveys,
327.57 95.1558 6.95191 6.79991 so
336.244 95.1558 12.4558 6.79991 that
350.417 95.1558 8.87189 6.79991 we
360.961 95.1558 14.0398 6.79991 only
376.666 95.1558 27.7837 6.79991 analyzed
406.089 95.1558 13.5358 6.79991 data
421.339 95.1558 15.8638 6.79991 from
438.914 95.1558 11.6159 6.79991 this
452.18 95.1558 28.9436 6.79991 common
482.794 95.1558 15.0798 6.79991 area.

144.453 110.689 152.766 6.79991 https://doi.org/10.1371/journal.pone.0212864.g002

428.882 40.4611 44.7434 7.39991 War-induced
475.256 40.4611 23.5197 7.39991 wildlife
500.428 40.4611 28.8716 7.39991 collapse
530.929 40.4611 13.1678 7.39991 and
545.782 40.4611 30.2956 7.39991 recovery

36 750.256 21.1997 7.39991 PLOS
58.8469 750.256 17.2398 7.39991 ONE
77.7819 750.256 2.07997 7.39991 |
81.5802 750.256 156.363 7.39991 https://doi.org/10.1371/journal.pone.0212864
245.876 750.256 21.9997 7.39991 March
269.573 750.256 10.9999 7.39991 13,
282.272 750.256 17.5438 7.39991 2019

557.118 750.256 4.41594 7.39991 7
563.241 750.256 2.24797 7.39991 /
567.209 750.256 8.79189 7.39991 18

200.012 77.886 35.55 8.5 estimates
237.599 77.886 7.81 8.5 of
247.463 77.886 32.22 8.5 carrying
281.705 77.886 31.38 8.5 capacity
315.154 77.886 12.99 8.5 (K)
330.178 77.886 11.36 8.5 for
343.557 77.886 9.69 8.5 an
355.292 77.886 39.41 8.5 ecosystem
396.735 77.886 17.3 8.5 with
416.067 77.886 25.21 8.5 GNP’s
443.336 77.886 27.22 8.5 rainfall
472.646 77.886 28.99 8.5 derived
503.657 77.886 19.38 8.5 from
525.087 77.886 37.74 8.5 published

200.012 90.925 16.47 8.5 data
218.493 90.925 10.42 8.5 on
230.909 90.925 59.14 8.5 large-herbivore
292.194 90.925 31.57 8.5 biomass
325.812 90.925 19.38 8.5 from
347.242 90.925 9.38 8.5 31
358.637 90.925 29.19 8.5 African
389.875 90.925 34.61 8.5 savannas
426.555 90.925 15.84 8.5 [38]
444.413 90.925 12.61 8.5 (S1
459.04 90.925 17.61 8.5 Fig).
478.712 90.925 15.02 8.5 Full
495.777 90.925 24.61 8.5 details
522.422 90.925 7.81 8.5 of
532.23 90.925 24.6 8.5 model

200.012 103.907 48.27 8.5 specification
250.354 103.907 14.8 8.5 and
267.192 103.907 65.79 8.5 parameterization
335.11 103.907 11.99 8.5 are
349.113 103.907 34.82 8.5 provided
386.02 103.907 8.02 8.5 in
396.054 103.907 9.38 8.5 S2
407.45 103.907 40.44 8.5 Appendix.
449.969 103.907 13.75 8.5 We
465.73 103.907 28.47 8.5 present
496.23 103.907 40.16 8.5 illustrative
538.523 103.907 24.93 8.5 results

200.012 116.89 11.36 8.5 for
213.391 116.89 14.59 8.5 two
230.002 116.89 28.88 8.5 species;
260.956 116.89 40.36 8.5 waterbuck
303.362 116.89 14.8 8.5 and
320.2 116.89 39.22 8.5 hartebeest
361.472 116.89 23.66 8.5 which
387.154 116.89 48.49 8.5 demonstrate
437.723 116.89 43.59 8.5 contrasting
483.418 116.89 32.31 8.5 example
517.773 116.89 7.81 8.5 of
527.581 116.89 33.17 8.5 recovery

200.012 129.873 39.3 8.5 dynamics.
241.397 129.873 13.76 8.5 For
257.158 129.873 42.45 8.5 waterbuck,
301.661 129.873 12.2 8.5 the
315.891 129.873 17.1 8.5 only
334.996 129.873 26.79 8.5 species
363.853 129.873 34.31 8.5 remotely
400.25 129.873 48.47 8.5 approaching
450.819 129.873 14.07 8.5 any
466.863 129.873 32.11 8.5 estimate
501.049 129.873 7.81 8.5 of
510.913 130.063 8.62 9.24 K,
521.515 129.873 10.94 8.5 we
534.498 129.873 20.32 8.5 show

200.012 142.912 34.62 8.5 observed
236.692 142.912 16.47 8.5 data
255.173 142.912 36.49 8.5 alongside
293.724 142.912 27.21 8.5 logistic
323.034 142.912 36.39 8.5 functions
361.472 142.912 27.22 8.5 plotted
390.725 142.912 21.05 8.5 using
413.856 142.912 12.2 8.5 the
428.029 142.912 16.16 8.5 low,
446.227 142.912 51.31 8.5 intermediate,
499.632 142.912 14.8 8.5 and
516.469 142.912 17.4 8.5 high
535.915 143.102 6.53 9.24 K
544.419 142.912 16.37 8.5 esti-

200.012 155.894 24.81 8.5 mates,
226.884 155.894 17.3 8.5 with
246.216 155.894 29.3 8.5 starting
277.567 155.894 42.22 8.5 population
321.844 155.894 14.17 8.5 size
338.058 155.894 10.28 8.5 (N
348.151 159.773 3.59245 5.66601 0
351.553 155.895 3.43 8.5 )
356.995 155.895 20.75 8.5 equal
379.785 155.895 7.92 8.5 to
389.707 155.895 12.2 8.5 the
403.936 155.895 34.62 8.5 observed
440.617 155.895 22.31 8.5 initial
464.994 155.895 24.51 8.5 count.
491.526 155.895 13.76 8.5 For
507.287 155.895 12.2 8.5 the
521.517 155.895 53.71 8.5 less-abundant

200.014 168.877 41.31 8.5 hartebeest,
243.384 168.877 8.97 8.5 all
254.382 168.877 19.82 8.5 three
276.209 169.067 6.53 9.24 K
284.713 168.877 35.55 8.5 estimates
322.357 168.877 27.74 8.5 yielded
352.119 168.877 26.68 8.5 similar
380.919 168.877 24.82 8.5 curves
407.735 168.877 17.1 8.5 over
426.897 168.877 12.2 8.5 the
441.07 168.877 21.79 8.5 range
464.938 168.877 7.81 8.5 of
474.745 168.877 34.62 8.5 observed
511.426 168.877 34.09 8.5 post-war
547.595 168.877 23.98 8.5 densi-

200.014 181.916 15.12 8.5 ties;
217.135 181.916 37.14 8.5 therefore,
256.367 181.916 10.94 8.5 we
269.293 181.916 20.32 8.5 show
291.686 181.916 16.47 8.5 data
310.168 181.916 36.49 8.5 alongside
348.719 181.916 27.21 8.5 logistic
378.028 181.916 24.82 8.5 curves
404.844 181.916 21.05 8.5 using
427.974 182.106 7.05 9.24 N
434.835 185.795 3.59245 5.66601 0
440.39 181.917 20.75 8.5 equal
463.18 181.917 7.92 8.5 to
473.101 181.917 12.2 8.5 the
487.331 181.917 22.31 8.5 initial
511.709 181.917 22.42 8.5 count
536.143 182.107 5.8 9.24 ±
543.967 181.917 18.87 8.5 50%,
564.83 181.917 7.92 8.5 to

200.014 194.899 23.79 8.5 reflect
225.809 194.899 12.2 8.5 the
240.039 194.899 38.88 8.5 possibility
281.028 194.899 15.12 8.5 that
298.149 194.899 18.67 8.5 early
318.842 194.899 28.57 8.5 surveys
349.456 194.899 26.7 8.5 under-
378.199 194.899 8.65 8.5 or
388.857 194.899 57.46 8.5 over-estimated
448.44 194.899 15.75 8.5 true
466.241 194.899 47.97 8.5 abundances.

200.012 224.222 42.986 11.0999 Results

200.012 242.769 42.9344 10.1999 Collapse
245.536 242.769 18.9046 10.1999 and
267.022 242.769 30.0861 10.1999 initial
299.735 242.769 42.5504 10.1999 recovery
344.918 242.769 47.6744 10.1999 dynamics

200.012 261.117 20.97 8.5 Total
223.142 261.117 31.51 8.5 pre-war
256.874 261.117 34.75 8.5 densities
293.838 261.117 35.32 8.5 averaged
331.425 261.117 16.54 8.5 12.3
350.133 261.117 44.24 8.5 individuals
396.621 261.117 13.18 8.5 km

409.776 258.929 6.20767 5.66602 -2
418.167 261.117 24.68 8.5 (9,298
445.039 261.117 9.64 8.5 kg
456.831 261.117 13.18 8.5 km

469.984 258.929 6.20767 5.66602 -2

476.164 261.117 3.43 8.5 )
481.776 261.117 11.68 8.5 for
495.666 261.117 12.52 8.5 the
510.349 261.117 17.89 8.5 nine
530.418 261.117 42.67 8.5 monitored

200.015 274.099 30 8.5 species,
232.216 274.099 13.35 8.5 but
247.75 274.099 33.87 8.5 declined
283.807 274.099 51.76 8.5 precipitously
337.835 274.099 33.08 8.5 between
373.154 274.099 19.04 8.5 1972
394.357 274.099 15.12 8.5 and
411.648 274.099 19.31 8.5 early
433.192 274.099 35.21 8.5 post-war
470.609 274.099 29.53 8.5 surveys
502.355 274.099 16 8.5 (Fig
520.554 274.099 10.43 8.5 3).
533.14 274.099 15.64 8.5 The
550.998 274.099 17.85 8.5 total

200.015 287.138 38.5 8.5 estimated
240.72 287.138 32.53 8.5 biomass
275.473 287.138 28.8 8.5 density
306.484 287.138 7.97 8.5 of
316.632 287.138 20.35 8.5 these
339.195 287.138 17.89 8.5 nine
359.264 287.138 30 8.5 species,
391.523 287.138 35.32 8.5 averaged
429.053 287.138 24.57 8.5 across
455.812 287.138 12.52 8.5 the
470.495 287.138 43.2 8.5 1994–1997
515.905 287.138 31.78 8.5 surveys,
549.921 287.138 14.8 8.5 was

72 669.513 10.5759 6.79991 Fig
84.2454 669.513 5.95993 6.79991 3.
92.8061 669.513 33.6396 6.79991 Estimated
128.126 669.513 29.1436 6.79991 densities
158.909 669.513 6.78392 6.79991 of
167.413 669.513 14.6958 6.79991 nine
183.798 669.513 42.0155 6.79991 large-bodied
227.451 669.513 32.0636 6.79991 herbivore
261.183 669.513 23.0717 6.79991 species
285.901 669.513 27.0717 6.79991 through
314.644 669.513 17.1518 6.79991 time.
333.466 669.513 13.9518 6.79991 Bars
349.113 669.513 16.6158 6.79991 show
367.425 669.513 25.5357 6.79991 number
394.581 669.513 6.36792 6.79991 of
402.688 669.513 35.2268 6.79991 individuals
439.651 669.513 10.4959 6.79991 per
451.84 669.513 20.9517 6.79991 square
474.461 669.513 30.6404 6.79991 kilometer
506.832 669.513 28.2876 6.79991 surveyed
536.766 669.513 20.6957 6.79991 within
559.103 669.513 9.99987 6.79991 the

72 679.037 13.7918 6.79991 core
87.4766 679.037 11.7839 6.79991 Rift
100.969 679.037 19.9518 6.79991 Valley
122.57 679.037 18.4158 6.79991 count
142.638 679.037 19.2078 6.79991 block,
163.558 679.037 28.1996 6.79991 averaged
193.378 679.037 19.6158 6.79991 across
214.695 679.037 7.41591 6.79991 all
223.766 679.037 17.3678 6.79991 aerial
242.815 679.037 21.2877 6.79991 counts
265.775 679.037 20.6957 6.79991 within
288.168 679.037 14.4558 6.79991 each
304.269 679.037 28.8636 6.79991 temporal
334.827 679.037 26.0797 6.79991 interval:
362.549 679.037 25.1597 6.79991 pre-war
389.365 679.037 23.5757 6.79991 surveys
414.593 679.037 15.8638 6.79991 from
432.168 679.037 34.3828 6.79991 1969–1972
468.281 679.037 7.11991 6.79991 (n
477.069 679.037 4.66394 6.79991 =
483.475 679.037 8.3279 6.79991 3),
493.509 679.037 12.0798 6.79991 and
507.286 679.037 28.1116 6.79991 post-war
537.049 679.037 23.5757 6.79991 surveys
562.278 679.037 6.53592 6.79991 in

72 688.505 34.3892 6.79991 1994–2002
108.113 688.505 7.11991 6.79991 (n
116.957 688.505 4.66394 6.79991 =
123.307 688.505 8.3279 6.79991 5),
133.341 688.505 34.4956 6.79991 2004–2012
169.454 688.505 7.11991 6.79991 (n
178.299 688.505 4.66394 6.79991 =
184.648 688.505 8.3279 6.79991 4),
194.682 688.505 12.0798 6.79991 and
208.459 688.505 34.4956 6.79991 2014–2018
244.572 688.505 7.11991 6.79991 (n
253.416 688.505 4.66394 6.79991 =
259.766 688.505 8.3279 6.79991 3).
269.8 688.505 33.5196 6.79991 Diamonds
304.95 688.505 16.6158 6.79991 show
323.262 688.505 9.99988 6.79991 the
334.94 688.505 19.5358 6.79991 values
356.2 688.505 28.0316 6.79991 obtained
385.85 688.505 9.32788 6.79991 for
396.906 688.505 14.4558 6.79991 each
413.006 688.505 20.7037 6.79991 survey
435.399 688.505 20.6957 6.79991 within
457.737 688.505 14.4558 6.79991 each
473.894 688.505 26.0797 6.79991 interval.
501.616 688.505 17.4958 6.79991 Error
520.778 688.505 13.3678 6.79991 bars
535.859 688.505 16.6158 6.79991 show
554.171 688.657 4.63994 7.39191 ±
560.52 688.505 3.83195 6.79991 1

72 698.029 27.9517 6.79991 standard
101.593 698.029 16.3358 6.79991 error
119.622 698.029 6.36792 6.79991 of
127.672 698.029 9.99987 6.79991 the
139.35 698.029 19.5758 6.79991 mean.

72 713.506 152.704 6.79991 https://doi.org/10.1371/journal.pone.0212864.g003

428.882 40.4611 44.7434 7.39991 War-induced
475.256 40.4611 23.5197 7.39991 wildlife
500.428 40.4611 28.8716 7.39991 collapse
530.929 40.4611 13.1678 7.39991 and
545.782 40.4611 30.2956 7.39991 recovery

36 750.256 21.1997 7.39991 PLOS
58.8469 750.256 17.2398 7.39991 ONE
77.7819 750.256 2.07997 7.39991 |
81.5802 750.256 156.363 7.39991 https://doi.org/10.1371/journal.pone.0212864
245.876 750.256 21.9997 7.39991 March
269.573 750.256 10.9999 7.39991 13,
282.272 750.256 17.5438 7.39991 2019

557.118 750.256 4.41594 7.39991 8
563.241 750.256 2.24797 7.39991 /
567.209 750.256 8.79189 7.39991 18

200.012 77.886 32.25 8.5 reduced
234.424 77.886 9.64 8.5 by
246.273 77.886 17.1 8.5 96%
265.548 77.886 29.18 8.5 relative
296.956 77.886 8.08 8.5 to
307.217 77.886 12.52 8.5 the
321.9 77.886 31.51 8.5 pre-war
355.633 77.886 32.3 8.5 average.
390.102 77.886 36.83 8.5 Likewise,
429.163 77.886 12.52 8.5 the
443.903 77.886 34.75 8.5 densities
480.866 77.886 7.97 8.5 of
491.014 77.886 36.43 8.5 elephant,
529.679 77.886 23.74 8.5 zebra,
555.587 77.886 15.12 8.5 and

200.012 90.925 23.35 8.5 hippo
225.58 90.925 33.87 8.5 declined
261.636 90.925 9.64 8.5 by
273.485 90.925 31.76 8.5 93–97%
307.444 90.925 17.58 8.5 over
327.173 90.925 14.55 8.5 this
343.954 90.925 30.43 8.5 interval
376.552 90.925 16 8.5 (Fig
394.75 90.925 7.04 8.5 3,
403.991 90.925 9.54 8.5 S2
415.67 90.925 27.86 8.5 Table).
445.774 90.925 28.69 8.5 Buffalo
476.671 90.925 22.43 8.5 (once
501.276 90.925 12.52 8.5 the
516.016 90.925 46.43 8.5 single-most

200.012 103.907 38.24 8.5 abundant
240.433 103.907 31.14 8.5 species)
273.825 103.907 15.12 8.5 and
291.116 103.907 41.59 8.5 wildebeest
334.94 103.907 19.04 8.5 were
356.199 103.907 13.56 8.5 not
371.903 103.907 61.65 8.5 re-encountered
435.796 103.907 7.35 8.5 at
445.32 103.907 9.29 8.5 all
456.772 103.907 18.89 8.5 until
477.862 103.907 19.04 8.5 2001
499.065 103.907 15.12 8.5 and
516.413 103.907 21.29 8.5 2007,
539.883 103.907 28.7 8.5 respec-

200.012 116.89 23.7 8.5 tively,
225.863 116.89 18.41 8.5 both
246.443 116.89 26.96 8.5 having
275.583 116.89 33.87 8.5 declined
311.582 116.89 9.64 8.5 by
323.375 116.89 27.05 8.5 >99%.
352.628 116.89 22.22 8.5 Small
377.006 116.89 35.57 8.5 numbers
414.763 116.89 7.97 8.5 of
424.854 116.89 36.73 8.5 survivors
463.802 116.89 19.86 8.5 from
485.799 116.89 12.52 8.5 the
500.482 116.89 14.91 8.5 war
517.49 116.89 7.97 8.5 of
527.638 116.89 18.41 8.5 both
548.217 116.89 27.75 8.5 species

200.012 129.873 19.04 8.5 were
221.215 129.873 33.91 8.5 however
257.328 129.873 35.74 8.5 observed
295.312 129.873 27.07 8.5 during
324.565 129.873 4.37 8.5 a
331.141 129.873 31.97 8.5 number
365.27 129.873 7.97 8.5 of
375.418 129.873 40.03 8.5 helicopter
417.711 129.873 24.52 8.5 flights
444.413 129.873 15.6 8.5 that
462.215 129.873 12.06 8.5 fell
476.444 129.873 29.11 8.5 outside
507.795 129.873 7.97 8.5 of
517.943 129.873 12.52 8.5 the
532.627 129.873 21.76 8.5 aerial

200.012 142.912 28.91 8.5 counts.

211.974 155.894 10.37 8.5 By
224.559 155.894 21.29 8.5 2010,
248.03 155.894 17.85 8.5 total
268.043 155.894 32.53 8.5 biomass
302.852 155.894 28.8 8.5 density
333.863 155.894 7.97 8.5 of
344.011 155.894 20.35 8.5 these
366.518 155.894 17.89 8.5 nine
386.587 155.894 18.99 8.5 focal
407.79 155.894 27.75 8.5 species
437.78 155.894 14.91 8.5 had
454.845 155.894 39.25 8.5 recovered
496.287 155.894 8.08 8.5 to
506.548 155.894 24.8 8.5 >50%
533.534 155.894 7.97 8.5 of
543.682 155.894 12.52 8.5 the
558.422 155.894 16.64 8.5 pre-

200.012 168.877 14.91 8.5 war
217.076 168.877 34.34 8.5 baseline,
253.643 168.877 15.12 8.5 and
270.934 168.877 9.64 8.5 by
282.783 168.877 19.04 8.5 2018
303.986 168.877 35.401 8.5 to~95%.
341.573 168.877 38.55 8.5 However,
382.335 168.877 46.62 8.5 community
431.204 168.877 50.17 8.5 composition
483.644 168.877 13.24 8.5 has
499.065 168.877 26.92 8.5 shifted
528.205 168.877 35 8.5 dramati-

200.012 181.916 18.06 8.5 cally
220.251 181.916 29.18 8.5 relative
251.658 181.916 8.08 8.5 to
261.863 181.916 12.52 8.5 the
276.603 181.916 31.51 8.5 pre-war
310.279 181.916 32.09 8.5 baseline
344.634 181.916 24.71 8.5 owing
371.506 181.916 8.08 8.5 to
381.768 181.916 46.68 8.5 asymmetric
430.694 181.916 34.29 8.5 recovery
467.204 181.916 18.89 8.5 rates
488.293 181.916 24.57 8.5 across
515.052 181.916 30 8.5 species,
547.31 181.916 17.78 8.5 with

200.012 194.899 29.01 8.5 smaller
231.192 194.899 33.97 8.5 antelope
267.419 194.899 27.75 8.5 species
297.353 194.899 47.26 8.5 supplanting
346.902 194.899 12.52 8.5 the
361.585 194.899 34.8 8.5 formerly
398.606 194.899 39.48 8.5 dominant
440.331 194.899 63.49 8.5 megaherbivores
506.095 194.899 19.6 8.5 (Figs
527.865 194.899 7.04 8.5 3,
537.105 194.899 4.79 8.5 4
544.022 194.899 15.12 8.5 and
561.37 194.899 10.43 8.5 5).

200.012 207.882 20.59 8.5 Most
222.802 207.882 39.98 8.5 strikingly,
264.981 207.882 41.64 8.5 waterbuck
308.861 207.882 17.68 8.5 (200
328.704 207.882 15.28 8.5 kg),
346.222 207.882 13.24 8.5 has
361.642 207.882 33.66 8.5 replaced
397.472 207.882 27.96 8.5 buffalo
427.689 207.882 7.97 8.5 as
437.837 207.882 12.52 8.5 the
452.52 207.882 19.86 8.5 most
474.574 207.882 39.48 8.5 dominant
516.299 207.882 27.75 8.5 species
546.233 207.882 8.18 8.5 in

200.012 220.921 22.74 8.5 terms
224.956 220.921 7.97 8.5 of
235.104 220.921 18.41 8.5 both
255.684 220.921 43.72 8.5 abundance
301.605 220.921 15.12 8.5 and
318.952 220.921 34.78 8.5 biomass.
355.973 220.921 30.94 8.5 Buffalo,
389.081 220.921 25.6 8.5 hippo,
416.917 220.921 15.12 8.5 and
434.208 220.921 34.18 8.5 elephant
470.605 220.921 25.78 8.5 jointly
498.611 220.921 46.87 8.5 represented
547.707 220.921 24.8 8.5 >87%

200.012 233.903 7.97 8.5 of
210.159 233.903 22.26 8.5 mean
234.594 233.903 31.51 8.5 pre-war
268.326 233.903 32.53 8.5 biomass
303.079 233.903 27.73 8.5 among
333.012 233.903 12.52 8.5 the
347.752 233.903 17.89 8.5 nine
367.821 233.903 18.99 8.5 focal
388.968 233.903 30 8.5 species,
421.226 233.903 32.24 8.5 whereas
455.638 233.903 41.64 8.5 waterbuck
499.518 233.903 41.12 8.5 accounted
542.831 233.903 11.68 8.5 for
556.721 233.903 -350.87 8.5 just

205.802 246.886 14.6 8.5 4%;
222.575 246.886 8.18 8.5 in
232.95 246.886 34.66 8.5 contrast,
269.8 246.886 41.64 8.5 waterbuck
313.68 246.886 46.87 8.5 represented
362.776 246.886 24.8 8.5 >74%
389.761 246.886 7.97 8.5 of
399.909 246.886 17.85 8.5 total
419.979 246.886 32.53 8.5 biomass
454.731 246.886 7.97 8.5 of
464.879 246.886 20.35 8.5 these
487.386 246.886 17.89 8.5 nine
507.455 246.886 27.75 8.5 species
537.446 246.886 9.64 8.5 by
549.238 246.886 19.04 8.5 2018

200.012 259.925 16 8.5 (Fig
218.21 259.925 7.04 8.5 4;
227.394 259.925 9.54 8.5 S2
239.129 259.925 27.86 8.5 Table).
269.176 259.925 35.96 8.5 Spatially,
307.387 259.925 41.64 8.5 waterbuck
351.267 259.925 18.41 8.5 have
371.847 259.925 19.04 8.5 been
393.05 259.925 41.93 8.5 expanding
437.213 259.925 37.09 8.5 outwards
476.558 259.925 19.86 8.5 from
498.611 259.925 12.52 8.5 the
513.295 259.925 40.85 8.5 floodplain

72 643.887 10.5759 6.79991 Fig
84.2454 643.887 5.95993 6.79991 4.
92.8061 643.887 15.9918 6.79991 Shift
110.494 643.887 6.78392 6.79991 in
118.998 643.887 12.3598 6.79991 size
133.058 643.887 30.4876 6.79991 structure
165.202 643.887 6.78392 6.79991 of
173.706 643.887 51.1282 6.79991 large-herbivore
226.544 643.887 27.1437 6.79991 biomass
255.343 643.887 6.78392 6.79991 in
263.791 643.887 10.5759 6.79991 the
276.093 643.887 14.1998 6.79991 core
291.967 643.887 12.8638 6.79991 Rift
306.537 643.887 20.9437 6.79991 Valley
329.158 643.887 19.0718 6.79991 count
349.907 643.887 19.9518 6.79991 block.
371.507 643.887 13.9518 6.79991 Bars
387.154 643.887 16.6158 6.79991 show
405.465 643.887 9.99988 6.79991 the
417.144 643.887 27.7757 6.79991 summed
446.568 643.887 25.9757 6.79991 biomass
474.234 643.887 27.7357 6.79991 densities
503.601 643.887 34.3516 6.79991 (kilograms
539.601 643.887 10.4959 6.79991 per
551.789 643.887 20.9517 6.79991 square

72 653.411 30.7436 6.79991 kilometer
104.371 653.411 30.9916 6.79991 surveyed)
137.026 653.411 6.36792 6.79991 of
145.077 653.411 50.5906 6.79991 megaherbivores
197.404 653.411 12.0798 6.79991 and
211.123 653.411 52.1425 6.79991 mesoherbivores,
264.982 653.411 38.9915 6.79991 respectively,
305.573 653.411 28.1996 6.79991 averaged
335.45 653.411 19.6158 6.79991 across
356.71 653.411 7.41591 6.79991 all
365.838 653.411 17.3678 6.79991 aerial
384.886 653.411 21.2877 6.79991 counts
407.847 653.411 20.6957 6.79991 within
430.24 653.411 14.4558 6.79991 each
446.341 653.411 28.8636 6.79991 temporal
476.898 653.411 26.0797 6.79991 interval:
504.621 653.411 25.1597 6.79991 pre-war
531.437 653.411 23.5757 6.79991 surveys
556.665 653.411 15.8638 6.79991 from

72 662.879 34.3892 6.79991 1969–1972
108.113 662.879 7.11991 6.79991 (n
116.957 662.879 4.66394 6.79991 =
123.307 662.879 8.3279 6.79991 3),
133.341 662.879 12.0798 6.79991 and
147.117 662.879 28.1116 6.79991 post-war
176.881 662.879 23.5757 6.79991 surveys
202.11 662.879 6.53592 6.79991 in
210.386 662.879 34.3828 6.79991 1994–2002
246.499 662.879 7.11991 6.79991 (n
255.287 662.879 4.66394 6.79991 =
261.693 662.879 8.3279 6.79991 5),
271.728 662.879 34.3828 6.79991 2004–2012
307.841 662.879 7.11991 6.79991 (n
316.628 662.879 4.66394 6.79991 =
323.034 662.879 8.3279 6.79991 4),
333.07 662.879 12.0798 6.79991 and
346.845 662.879 34.3828 6.79991 2014–2018
382.959 662.879 7.11991 6.79991 (n
391.746 662.879 4.66394 6.79991 =
398.153 662.879 8.3279 6.79991 3).
408.187 662.879 54.6649 6.79991 ‘Megaherbivores’
464.54 662.879 9.83188 6.79991 are
476.048 662.879 23.9917 6.79991 defined
501.73 662.879 13.9598 6.79991 here
517.377 662.879 6.45592 6.79991 to
525.484 662.879 23.6637 6.79991 include
550.826 662.879 22.1517 6.79991 species

72 672.403 14.1998 6.79991 with
87.8734 672.403 16.2478 6.79991 adult
105.788 672.403 15.9518 6.79991 body
123.42 672.403 15.7758 6.79991 mass
140.938 672.403 17.5758 6.79991 �600
160.156 672.403 7.7039 6.79991 kg
169.568 672.403 31.7836 6.79991 (elephant,
203.016 672.403 20.4397 6.79991 hippo,
225.126 672.403 26.8157 6.79991 buffalo);
253.587 672.403 53.8441 6.79991 ‘mesoherbivores’
309.145 672.403 23.6637 6.79991 include
334.43 672.403 9.99988 6.79991 the
346.165 672.403 8.73589 6.79991 six
356.596 672.403 22.1517 6.79991 species
380.407 672.403 14.1998 6.79991 with
396.282 672.403 15.9518 6.79991 body
413.913 672.403 15.7758 6.79991 mass
431.375 672.403 17.5758 6.79991 <600
450.65 672.403 7.7039 6.79991 kg
460.061 672.403 21.9117 6.79991 (eland,
483.645 672.403 18.9518 6.79991 zebra,
504.224 672.403 17.5358 6.79991 sable,
523.443 672.403 35.0396 6.79991 waterbuck,

72 681.871 34.8836 6.79991 wildebeest,
108.623 681.871 35.0588 6.79991 hartebeest)
145.417 681.871 12.4558 6.79991 that
159.533 681.871 15.2078 6.79991 were
176.427 681.871 27.8717 6.79991 included
205.965 681.871 6.53592 6.79991 in
214.185 681.871 9.99988 6.79991 the
225.92 681.871 25.0533 6.79991 pre-war
252.736 681.871 25.3677 6.79991 surveys.
279.721 681.871 33.5196 6.79991 Diamonds
314.927 681.871 16.6158 6.79991 show
333.182 681.871 9.99987 6.79991 the
344.918 681.871 19.5358 6.79991 values
366.121 681.871 28.0316 6.79991 obtained
395.771 681.871 9.32788 6.79991 for
406.826 681.871 14.4558 6.79991 each
422.927 681.871 20.7037 6.79991 survey
445.321 681.871 20.6957 6.79991 within
467.714 681.871 14.4558 6.79991 each
483.815 681.871 26.0797 6.79991 interval.
511.538 681.871 17.4958 6.79991 Error
530.7 681.871 13.3678 6.79991 bars
545.78 681.871 16.6158 6.79991 show
564.091 682.023 4.63994 7.39191 ±
570.442 681.871 3.83195 6.79991 1

72 691.395 27.9517 6.79991 standard
101.593 691.395 16.3358 6.79991 error
119.622 691.395 6.36792 6.79991 of
127.672 691.395 9.99987 6.79991 the
139.35 691.395 19.5758 6.79991 mean.

72 706.872 152.704 6.79991 https://doi.org/10.1371/journal.pone.0212864.g004

428.882 40.4611 44.7434 7.39991 War-induced
475.256 40.4611 23.5197 7.39991 wildlife
500.428 40.4611 28.8716 7.39991 collapse
530.929 40.4611 13.1678 7.39991 and
545.782 40.4611 30.2956 7.39991 recovery

36 750.256 21.1997 7.39991 PLOS
58.8469 750.256 17.2398 7.39991 ONE
77.7819 750.256 2.07997 7.39991 |
81.5802 750.256 156.363 7.39991 https://doi.org/10.1371/journal.pone.0212864
245.876 750.256 21.9997 7.39991 March
269.573 750.256 10.9999 7.39991 13,
282.272 750.256 17.5438 7.39991 2019

557.118 750.256 4.41594 7.39991 9
563.241 750.256 2.24797 7.39991 /
567.209 750.256 8.79189 7.39991 18

200.012 609.495 50.19 8.5 surrounding
252.452 609.495 18.93 8.5 Lake
273.542 609.495 27.84 8.5 Urema
303.589 609.495 15.12 8.5 and
320.88 609.495 17.41 8.5 now
340.496 609.495 28.53 8.5 occupy
371.223 609.495 24.79 8.5 nearly
398.209 609.495 12.52 8.5 the
412.892 609.495 30.85 8.5 entirety
445.944 609.495 7.97 8.5 of
456.092 609.495 12.52 8.5 the
470.832 609.495 17.27 8.5 core
490.277 609.495 14.76 8.5 Rift
507.228 609.495 24.99 8.5 Valley
534.384 609.495 23.06 8.5 count

200.012 622.477 21.81 8.5 block
223.992 622.477 12.93 8.5 (S2
239.129 622.477 18.25 8.5 Fig).
259.539 622.477 39.95 8.5 Estimated
301.775 622.477 34.75 8.5 densities
338.738 622.477 7.97 8.5 of
348.886 622.477 19.72 8.5 sable
370.769 622.477 15.12 8.5 and
388.117 622.477 40.66 8.5 hartebeest
430.977 622.477 8.18 8.5 in
441.352 622.477 19.04 8.5 2018
462.555 622.477 19.04 8.5 were
483.814 622.477 15.49 8.5 also
501.446 622.477 27.87 8.5 greater
531.55 622.477 18.1 8.5 than
551.846 622.477 21.18 8.5 those

200.012 635.516 35.75 8.5 recorded
237.939 635.516 9.64 8.5 by
249.788 635.516 25.51 8.5 Tinley
277.51 635.516 16.32 8.5 [29]
295.992 635.516 25.2 8.5 before
323.375 635.516 12.52 8.5 the
338.115 635.516 17.16 8.5 war.

211.974 648.499 8.91 8.5 In
223.085 648.499 32.41 8.5 contrast
257.725 648.499 8.08 8.5 to
267.986 648.499 20.35 8.5 these
290.493 648.499 32.51 8.5 patterns
325.245 648.499 11.68 8.5 for
339.078 648.499 21.07 8.5 small
362.379 648.499 8.08 8.5 to
372.584 648.499 39.53 8.5 mid-sized
414.366 648.499 15.12 8.5 and
431.657 648.499 40.2 8.5 selectively
474.12 648.499 29.42 8.5 feeding
505.754 648.499 39.82 8.5 antelopes,
547.764 648.499 12.52 8.5 the

200.012 661.482 34.75 8.5 densities
236.975 661.482 7.97 8.5 of
247.123 661.482 50.46 8.5 large-bodied
299.847 661.482 15.12 8.5 and
317.138 661.482 50.67 8.5 bulk-feeding
370.032 661.482 30.63 8.5 grazers,
402.914 661.482 38.19 8.5 including
443.336 661.482 25.6 8.5 hippo,
471.115 661.482 30.21 8.5 buffalo,
503.543 661.482 23.74 8.5 zebra,
529.509 661.482 15.12 8.5 and
546.8 661.482 24.99 8.5 wilde-

200.012 674.464 22.39 8.5 beest,
224.559 674.464 38.13 8.5 remained
264.924 674.464 37.72 8.5 markedly
304.893 674.464 22.33 8.5 lower
329.384 674.464 18.1 8.5 than
349.68 674.464 31.51 8.5 pre-war
383.412 674.464 21.56 8.5 levels
407.166 674.464 19.6 8.5 (Figs
428.993 674.464 7.04 8.5 3,
438.177 674.464 4.79 8.5 4
445.15 674.464 15.12 8.5 and
462.441 674.464 10.43 8.5 5).
475.027 674.464 23.37 8.5 Zebra
500.595 674.464 8.18 8.5 in
510.97 674.464 38.88 8.5 particular

200.012 687.503 35.75 8.5 occurred
237.939 687.503 7.35 8.5 at
247.463 687.503 20.05 8.5 <2%
269.743 687.503 7.97 8.5 of
279.891 687.503 30.21 8.5 historic
312.319 687.503 23.81 8.5 levels:
338.285 687.503 8.18 8.5 in
348.659 687.503 21.29 8.5 2018,
372.13 687.503 14.45 8.5 just
388.798 687.503 9.54 8.5 13
400.476 687.503 19.04 8.5 were
421.736 687.503 32.56 8.5 counted
456.489 687.503 25.92 8.5 within
484.608 687.503 12.52 8.5 the
499.292 687.503 17.27 8.5 core
518.737 687.503 14.76 8.5 Rift
535.688 687.503 24.99 8.5 Valley

200.012 700.486 23.06 8.5 count
225.24 700.486 24.06 8.5 block,
251.488 700.486 35.32 8.5 although
289.019 700.486 12.52 8.5 the
303.759 700.486 17.85 8.5 total
323.771 700.486 35.74 8.5 observed
361.755 700.486 14.8 8.5 was
378.706 700.486 9.54 8.5 44
390.442 700.486 38.19 8.5 including
430.864 700.486 20.24 8.5 areas
453.314 700.486 29.11 8.5 outside
484.608 700.486 7.97 8.5 of
494.756 700.486 12.52 8.5 the
509.439 700.486 14.76 8.5 Rift
526.391 700.486 27.24 8.5 Valley.

72 554.993 10.5759 6.79991 Fig
84.2454 554.993 5.95993 6.79991 5.
92.8061 554.993 29.7676 6.79991 Post-war
124.271 554.993 36.6787 6.79991 population
162.651 554.993 37.5915 6.79991 trajectories
201.939 554.993 6.78392 6.79991 of
210.386 554.993 7.9599 6.79991 20
220.081 554.993 24.9437 6.79991 wildlife
246.67 554.993 25.0317 6.79991 species.
273.372 554.993 21.4477 6.79991 Values
296.503 554.993 8.45589 6.79991 on
306.651 554.993 21.2797 6.79991 Y-axes
329.611 554.993 9.83188 6.79991 are
341.12 554.993 25.5357 6.79991 number
368.275 554.993 6.36792 6.79991 of
376.383 554.993 35.2268 6.79991 individuals
413.346 554.993 9.74388 6.79991 (or
424.798 554.993 22.2397 6.79991 troops,
448.666 554.993 9.32788 6.79991 for
459.721 554.993 29.6076 6.79991 baboons)
490.958 554.993 10.4959 6.79991 per
503.147 554.993 20.9517 6.79991 square
525.768 554.993 30.7436 6.79991 kilometer

72 564.46 28.2876 6.79991 surveyed
101.933 564.46 6.53592 6.79991 in
110.154 564.46 9.99987 6.79991 the
121.889 564.46 13.7918 6.79991 core
137.366 564.46 11.7839 6.79991 Rift
150.802 564.46 19.9518 6.79991 Valley
172.459 564.46 18.4158 6.79991 count
192.528 564.46 19.2078 6.79991 block,
213.391 564.46 28.1996 6.79991 averaged
243.268 564.46 19.6158 6.79991 across
264.528 564.46 7.41591 6.79991 all
273.655 564.46 17.3678 6.79991 aerial
292.704 564.46 21.2877 6.79991 counts
315.665 564.46 20.6957 6.79991 within
338.001 564.46 14.4558 6.79991 each
354.159 564.46 28.8636 6.79991 temporal
384.659 564.46 26.0797 6.79991 interval:
412.382 564.46 34.4956 6.79991 1994–2002
448.552 564.46 7.11991 6.79991 (n
457.339 564.46 4.66394 6.79991 =
463.746 564.46 3.83195 6.79991 5
469.245 564.46 28.0716 6.79991 surveys),
499.008 564.46 34.39 6.79991 2004–2012
535.122 564.46 7.11991 6.79991 (n
543.966 564.46 4.66394 6.79991 =
550.316 564.46 3.83195 6.79991 4

72 573.985 28.0716 6.79991 surveys),
101.707 573.985 12.0798 6.79991 and
115.483 573.985 34.4956 6.79991 2014–2018
151.596 573.985 7.11991 6.79991 (n
160.44 573.985 4.66394 6.79991 =
166.79 573.985 3.83195 6.79991 3
172.346 573.985 28.0716 6.79991 surveys).

72 589.461 152.704 6.79991 https://doi.org/10.1371/journal.pone.0212864.g005

428.882 40.4611 44.7434 7.39991 War-induced
475.256 40.4611 23.5197 7.39991 wildlife
500.428 40.4611 28.8716 7.39991 collapse
530.929 40.4611 13.1678 7.39991 and
545.782 40.4611 30.2956 7.39991 recovery

36 750.256 21.1997 7.39991 PLOS
58.8469 750.256 17.2398 7.39991 ONE
77.7819 750.256 2.07997 7.39991 |
81.5802 750.256 156.363 7.39991 https://doi.org/10.1371/journal.pone.0212864
245.876 750.256 21.9997 7.39991 March
269.573 750.256 10.9999 7.39991 13,
282.272 750.256 17.5438 7.39991 2019

552.81 750.256 8.79189 7.39991 10
563.241 750.256 2.24797 7.39991 /
567.209 750.256 8.79189 7.39991 18

211.975 77.886 30.82 8.5 Baboon
245.026 77.886 28.8 8.5 density
276.037 77.886 8.18 8.5 in
286.412 77.886 20.11 8.5 GNP
308.692 77.886 19.86 8.5 from
330.745 77.886 43.2 8.5 2007–2018
376.213 77.886 14.8 8.5 was
393.164 77.886 38.2 8.5 0.10–0.15
433.586 77.886 25.61 8.5 troops
461.422 77.886 13.18 8.5 km

474.576 75.6978 6.20767 5.66602 -2

480.756 77.886 2.29 8.5 ;
485.178 77.886 22.53 8.5 based
509.952 77.886 10.58 8.5 on
522.708 77.886 50.35 8.5 observations

200.015 90.925 41.78 8.5 suggesting
244.008 90.925 26.4 8.5 typical
272.638 90.925 22.01 8.5 troop
296.846 90.925 18.25 8.5 sizes
317.312 90.925 7.97 8.5 of
327.46 90.925 24.2 8.5 30–80
353.879 90.925 46.49 8.5 individuals,
402.577 90.925 14.55 8.5 this
419.358 90.925 34.94 8.5 amounts
456.492 90.925 8.08 8.5 to
466.753 90.925 30.99 8.5 roughly
499.974 90.925 14.7 8.5 5–8
516.812 90.925 44.24 8.5 individuals

200.015 103.907 13.18 8.5 km

213.165 101.663 6.20767 5.66602 -2
221.556 103.908 16 8.5 (Fig
239.754 103.908 10.43 8.5 5).
252.34 103.908 10.37 8.5 Of
264.869 103.908 12.52 8.5 the
279.609 103.908 19.41 8.5 large
301.209 103.908 41.59 8.5 carnivores
345.032 103.908 29.43 8.5 present
376.666 103.908 33.76 8.5 pre-war,
412.609 103.908 17.58 8.5 only
432.395 103.908 12.52 8.5 the
447.078 103.908 15.7 8.5 lion
464.993 103.908 43.66 8.5 population
510.858 103.908 35.48 8.5 persisted

200.013 116.89 45.55 8.5 throughout
247.804 116.89 12.52 8.5 the
262.488 116.89 21.7 8.5 study
286.355 116.89 30.43 8.5 interval
319.01 116.89 18.57 8.5 [39].
339.759 116.89 20.59 8.5 With
362.55 116.89 30.11 8.5 steadily
394.865 116.89 41.06 8.5 increasing
438.178 116.89 34.18 8.5 observer
474.574 116.89 34.91 8.5 presence
511.708 116.89 15.12 8.5 and
528.999 116.89 32.55 8.5 camera-

200.013 129.873 34.16 8.5 trapping
236.409 129.873 21.76 8.5 effort
260.333 129.873 17.58 8.5 over
280.119 129.873 12.52 8.5 the
294.802 129.873 16.11 8.5 past
313.114 129.873 29.85 8.5 decade,
345.145 129.873 40.64 8.5 individual
388.062 129.873 23.89 8.5 hyena
414.14 129.873 15.12 8.5 and
431.431 129.873 22.91 8.5 jackal
456.546 129.873 18.41 8.5 have
477.126 129.873 19.04 8.5 been
498.385 129.873 50.24 8.5 documented
550.826 129.873 10.58 8.5 on
563.582 129.873 4.37 8.5 a

200.013 142.912 21.07 8.5 small
223.256 142.912 31.97 8.5 number
257.442 142.912 7.97 8.5 of
267.59 142.912 38.29 8.5 occasions
308.125 142.912 19.05 8.5 (e.g.,
329.385 142.912 14.81 8.5 one
346.336 142.912 23.89 8.5 hyena
372.471 142.912 15.12 8.5 and
389.762 142.912 16.95 8.5 four
408.868 142.912 22.91 8.5 jackal
433.983 142.912 29.85 8.5 records
466.07 142.912 19.86 8.5 from
488.124 142.912 9.85 8.5 an
500.143 142.912 20.66 8.5 array
522.99 142.912 7.97 8.5 of
533.138 142.912 9.54 8.5 60
544.816 142.912 29.05 8.5 camera

200.013 155.895 19.82 8.5 traps
222.009 155.895 17.58 8.5 over
241.795 155.895 9.54 8.5 13
253.473 155.895 30.61 8.5 months
286.298 155.895 19.86 8.5 from
308.352 155.895 19.04 8.5 2013
329.612 155.895 8.08 8.5 to
339.873 155.895 24.68 8.5 2014),
366.745 155.895 13.35 8.5 but
382.279 155.895 5.68 8.5 it
390.102 155.895 32.23 8.5 remains
424.572 155.895 29.75 8.5 unclear
456.546 155.895 32.56 8.5 whether
491.299 155.895 20.35 8.5 these
513.806 155.895 12.31 8.5 are
528.319 155.895 16.22 8.5 part
546.744 155.895 7.97 8.5 of
556.892 155.895 4.37 8.5 a

200.013 168.877 23.32 8.5 viable
225.524 168.877 32.2 8.5 resident
259.936 168.877 45.91 8.5 population.
308.068 168.877 6.87 8.5 A
317.139 168.877 23.11 8.5 single
342.424 168.877 19.24 8.5 male
363.911 168.877 30.26 8.5 leopard
396.339 168.877 14.8 8.5 was
413.346 168.877 56.18 8.5 photographed
471.796 168.877 8.18 8.5 in
482.114 168.877 26.49 8.5 March
510.858 168.877 7.97 8.5 of
521.006 168.877 21.29 8.5 2018,
544.476 168.877 12.52 8.5 the
559.16 168.877 15.86 8.5 first

200.013 181.916 41.73 8.5 confirmed
243.949 181.916 31.97 8.5 sighting
278.191 181.916 8.18 8.5 in
288.509 181.916 12.52 8.5 the
303.193 181.916 35.21 8.5 post-war
340.667 181.916 14.56 8.5 era.
357.391 181.916 6.87 8.5 A
366.462 181.916 18.72 8.5 pack
387.325 181.916 7.97 8.5 of
397.473 181.916 9.54 8.5 14
409.208 181.916 17.26 8.5 wild
428.653 181.916 18.61 8.5 dogs
449.46 181.916 14.8 8.5 was
466.467 181.916 52.14 8.5 reintroduced
520.836 181.916 19.86 8.5 from
542.889 181.916 23.37 8.5 South

200.013 194.899 24.67 8.5 Africa
226.885 194.899 15.12 8.5 and
244.176 194.899 32.1 8.5 released
278.475 194.899 16.22 8.5 into
296.9 194.899 12.52 8.5 the
311.583 194.899 18.2 8.5 park
331.993 194.899 8.18 8.5 in
342.367 194.899 18.31 8.5 June
362.833 194.899 21.29 8.5 2018.
386.304 194.899 30.48 8.5 Further
419.016 194.899 30.26 8.5 leopard
451.444 194.899 15.12 8.5 and
468.792 194.899 35.73 8.5 wild-dog
506.719 194.899 56 8.5 translocations

200.013 207.882 12.31 8.5 are
214.47 207.882 32.45 8.5 planned
249.165 207.882 11.68 8.5 for
262.998 207.882 19.04 8.5 2019
284.257 207.882 15.12 8.5 and
301.549 207.882 36.57 8.5 onwards.

200.012 232.735 47.5544 10.1999 Observed
250.128 232.735 18.9046 10.1999 and
271.672 232.735 43.226 10.1999 modeled
317.479 232.735 55.3351 10.1999 population
375.419 232.735 32.0217 10.1999 trends

200.012 251.083 49.9 8.5 Comparison
252.169 251.083 7.97 8.5 of
262.317 251.083 35.74 8.5 observed
300.244 251.083 34.75 8.5 densities
337.264 251.083 17.78 8.5 with
357.22 251.083 34.74 8.5 modeled
394.184 251.083 60.32 8.5 logistic-growth
456.772 251.083 25.62 8.5 curves
484.551 251.083 32.6 8.5 suggests
519.417 251.083 15.6 8.5 that
537.219 251.083 12.52 8.5 the

200.012 264.122 41.64 8.5 waterbuck
243.835 264.122 38.37 8.5 trajectory
284.427 264.122 14.8 8.5 was
301.434 264.122 26.62 8.5 closely
330.234 264.122 29.11 8.5 aligned
361.585 264.122 17.78 8.5 with
381.541 264.122 28.33 8.5 logistic
412.098 264.122 49.62 8.5 expectations
463.972 264.122 16 8.5 (Fig
482.17 264.122 17.26 8.5 6A).
501.616 264.122 43.05 8.5 Hartebeest
546.913 264.122 19.99 8.5 illus-

200.012 277.104 18.27 8.5 trate
220.478 277.104 4.37 8.5 a
226.997 277.104 16.43 8.5 case
245.592 277.104 8.18 8.5 in
255.967 277.104 24.3 8.5 which
282.442 277.104 43.66 8.5 population
328.363 277.104 34.75 8.5 densities
365.327 277.104 12.06 8.5 fell
379.614 277.104 16.02 8.5 well
397.812 277.104 23.68 8.5 below
423.664 277.104 12.52 8.5 the
438.347 277.104 28.33 8.5 logistic
468.904 277.104 41.48 8.5 prediction
512.614 277.104 16 8.5 (Fig
530.813 277.104 16.22 8.5 6B);
549.238 277.104 23.79 8.5 none-

200.012 290.087 28.66 8.5 theless,
230.852 290.087 35.21 8.5 post-war
268.326 290.087 40.66 8.5 hartebeest
311.186 290.087 28.8 8.5 density
342.196 290.087 36.83 8.5 estimates
381.258 290.087 19.86 8.5 from
403.311 290.087 43.2 8.5 2007–2018
448.722 290.087 19.04 8.5 were
469.981 290.087 27.87 8.5 greater
500.029 290.087 18.1 8.5 than
520.324 290.087 21.18 8.5 those

200.012 303.126 38.5 8.5 estimated
240.717 303.126 19.86 8.5 from
262.77 303.126 31.51 8.5 pre-war
296.502 303.126 21.76 8.5 aerial
320.483 303.126 29.53 8.5 surveys
352.231 303.126 16 8.5 (Fig
370.429 303.126 10.43 8.5 3).

200.012 327.403 63.6031 11.0999 Discussion

200.012 345.95 37.0941 10.1999 Overall
239.697 345.95 32.0217 10.1999 trends

200.012 364.298 13.91 8.5 We
216.112 364.298 51.76 8.5 acknowledge
270.083 364.298 12.52 8.5 the
284.767 364.298 35.38 8.5 potential
322.411 364.298 29.74 8.5 sources
354.329 364.298 7.97 8.5 of
364.477 364.298 20.46 8.5 error
387.154 364.298 40.33 8.5 associated
429.673 364.298 17.78 8.5 with
449.686 364.298 43.49 8.5 comparing
495.38 364.298 23.06 8.5 count
520.665 364.298 16.95 8.5 data
539.77 364.298 25.83 8.5 gener-

200.012 377.28 16.85 8.5 ated
219.06 377.28 21.69 8.5 using
242.928 377.28 34.34 8.5 different
279.494 377.28 36.88 8.5 methods,
318.612 377.28 15.12 8.5 and
335.904 377.28 11.1 8.5 we
349.17 377.28 18.41 8.5 have
369.749 377.28 18.89 8.5 tried
390.839 377.28 8.08 8.5 to
401.1 377.28 35.18 8.5 interpret
438.517 377.28 14.08 8.5 our
454.731 377.28 25.89 8.5 results
482.851 377.28 17.78 8.5 with
502.806 377.28 46.53 8.5 appropriate
551.619 377.28 17.37 8.5 cau-

200.012 390.319 18.47 8.5 tion.
220.648 390.319 8.91 8.5 In
231.759 390.319 41.13 8.5 particular,
275.129 390.319 25.89 8.5 results
303.192 390.319 19.86 8.5 from
325.245 390.319 12.52 8.5 the
339.929 390.319 19.31 8.5 early
361.472 390.319 35.21 8.5 post-war
398.889 390.319 31.78 8.5 surveys,
432.905 390.319 8.18 8.5 in
443.223 390.319 24.3 8.5 which
469.755 390.319 28.48 8.5 limited
500.425 390.319 19.1 8.5 areal
521.742 390.319 35.01 8.5 coverage

200.012 403.302 40.21 8.5 combined
242.418 403.302 17.78 8.5 with
262.43 403.302 14.39 8.5 low
278.984 403.302 47.32 8.5 abundances
328.534 403.302 26.97 8.5 caused
357.73 403.302 29.27 8.5 uneven
389.195 403.302 40.71 8.5 encounter
432.111 403.302 21.14 8.5 rates,
455.411 403.302 26.97 8.5 should
484.608 403.302 9.33 8.5 be
496.117 403.302 35.43 8.5 regarded
533.761 403.302 7.97 8.5 as
543.909 403.302 31.6 8.5 approx-

200.012 416.285 34.99 8.5 imations
237.202 416.285 7.97 8.5 of
247.35 416.285 38.41 8.5 uncertain
287.998 416.285 39.08 8.5 precision.
329.327 416.285 38.55 8.5 However,
370.089 416.285 11.1 8.5 we
383.355 416.285 27.45 8.5 believe
413.005 416.285 15.6 8.5 that
430.807 416.285 14.08 8.5 our
447.078 416.285 57.79 8.5 area-corrected
507.115 416.285 28.8 8.5 density
538.126 416.285 36.83 8.5 estimates

200.012 429.324 19.86 8.5 from
222.065 429.324 25.92 8.5 within
250.184 429.324 12.52 8.5 the
264.868 429.324 47.34 8.5 consistently
314.474 429.324 33.27 8.5 sampled
349.963 429.324 14.76 8.5 Rift
366.914 429.324 24.99 8.5 Valley
394.07 429.324 21.17 8.5 (with
417.484 429.324 9.28 8.5 its
428.936 429.324 36.12 8.5 generally
467.26 429.324 17.88 8.5 high
487.329 429.324 37.25 8.5 visibility)
526.844 429.324 12.31 8.5 are
541.357 429.324 20.81 8.5 suffi-

200.012 442.306 19.62 8.5 cient
221.781 442.306 8.08 8.5 to
232.043 442.306 40.35 8.5 accurately
274.619 442.306 24.75 8.5 reflect
301.548 442.306 12.52 8.5 the
316.288 442.306 35.73 8.5 dramatic
354.215 442.306 31.82 8.5 changes
388.287 442.306 8.18 8.5 in
398.606 442.306 29.18 8.5 relative
430.013 442.306 43.72 8.5 abundance
475.934 442.306 15.12 8.5 and
493.225 442.306 46.62 8.5 community
542.094 442.306 23.33 8.5 struc-

200.012 455.289 16.23 8.5 ture
218.437 455.289 15.6 8.5 that
236.181 455.289 18.41 8.5 have
256.817 455.289 35.75 8.5 occurred
294.745 455.289 45.55 8.5 throughout
342.537 455.289 12.52 8.5 the
357.22 455.289 21.7 8.5 study
381.144 455.289 28.38 8.5 period.

211.974 468.272 15.64 8.5 The
229.832 468.272 34.44 8.5 available
266.512 468.272 16.95 8.5 data
285.617 468.272 40.74 8.5 document
328.59 468.272 26.82 8.5 drastic
357.617 468.272 44.3 8.5 war-driven
404.161 468.272 42.53 8.5 reductions
448.892 468.272 8.18 8.5 in
459.267 468.272 29.18 8.5 relative
490.674 468.272 43.72 8.5 abundance
536.595 468.272 15.12 8.5 and
553.886 468.272 16.32 8.5 bio-

200.012 481.311 19.75 8.5 mass
221.952 481.311 7.97 8.5 of
232.099 481.311 4.37 8.5 a
238.619 481.311 61.38 8.5 large-herbivore
302.285 481.311 47.26 8.5 populations
351.777 481.311 8.18 8.5 in
362.152 481.311 22.36 8.5 GNP,
386.7 481.311 34.28 8.5 followed
423.21 481.311 9.64 8.5 by
435.002 481.311 31.36 8.5 variable
468.621 481.311 60.89 8.5 species-specific
531.776 481.311 34.29 8.5 recovery

200.012 494.294 18.89 8.5 rates
221.101 494.294 27.07 8.5 during
250.354 494.294 12.52 8.5 the
265.038 494.294 15.86 8.5 first
283.123 494.294 14.91 8.5 two
300.187 494.294 35.21 8.5 post-war
337.661 494.294 33.45 8.5 decades.
373.321 494.294 94.43 8.5 Small-to-medium-sized
470.038 494.294 15.12 8.5 and
487.386 494.294 40.2 8.5 selectively
529.792 494.294 29.42 8.5 feeding

200.012 507.276 37.57 8.5 antelopes
239.81 507.276 18.41 8.5 have
260.389 507.276 28.17 8.5 rapidly
290.776 507.276 34.59 8.5 regained
327.57 507.276 8.81 8.5 or
338.568 507.276 36.37 8.5 exceeded
377.176 507.276 18.89 8.5 their
398.209 507.276 38.5 8.5 estimated
438.971 507.276 31.51 8.5 pre-war
472.703 507.276 37 8.5 densities,
511.934 507.276 21.49 8.5 while
535.575 507.276 26.62 8.5 larger-

200.012 520.315 27.59 8.5 bodied
229.775 520.315 15.12 8.5 and
247.123 520.315 50.67 8.5 bulk-feeding
300.017 520.315 27.75 8.5 species
330.008 520.315 28.63 8.5 remain
360.848 520.315 7.35 8.5 at
370.373 520.315 4.37 8.5 a
376.892 520.315 31.36 8.5 fraction
410.454 520.315 7.97 8.5 of
420.602 520.315 31.51 8.5 pre-war
454.334 520.315 23.81 8.5 levels.
480.356 520.315 13.91 8.5 We
496.457 520.315 36.27 8.5 conclude
534.894 520.315 15.6 8.5 that

200.012 533.298 32.24 8.5 whereas
234.424 533.298 17.85 8.5 total
254.493 533.298 61.38 8.5 large-herbivore
318.102 533.298 32.53 8.5 biomass
352.911 533.298 6.3 8.5 is
361.359 533.298 32.05 8.5 resilient
395.658 533.298 15.12 8.5 and
412.949 533.298 37.72 8.5 rebounds
452.86 533.298 28.17 8.5 rapidly
483.248 533.298 37.56 8.5 following
523.046 533.298 48.58 8.5 catastrophic

200.012 546.281 52.92 8.5 perturbation,
255.173 546.281 12.52 8.5 the
269.857 546.281 29.18 8.5 relative
301.264 546.281 43.72 8.5 abundance
347.185 546.281 7.97 8.5 of
357.333 546.281 34.34 8.5 different
393.9 546.281 27.75 8.5 species
423.89 546.281 15.12 8.5 and
441.182 546.281 29.11 8.5 trophic
472.476 546.281 23.94 8.5 guilds
498.668 546.281 12.31 8.5 are
513.124 546.281 10.95 8.5 far
526.277 546.281 25.93 8.5 slower
554.397 546.281 8.08 8.5 to

200.012 559.32 54.06 8.5 recover—and
256.307 559.32 17.09 8.5 may
275.583 559.32 13.56 8.5 not
291.287 559.32 29.75 8.5 recover
323.261 559.32 7.35 8.5 at
332.785 559.32 9.29 8.5 all
344.237 559.32 8.18 8.5 in
354.612 559.32 12.52 8.5 the
369.295 559.32 31.2 8.5 absence
402.687 559.32 7.97 8.5 of
412.835 559.32 58.25 8.5 translocations,
473.383 559.32 14.81 8.5 due
490.334 559.32 8.08 8.5 to
500.595 559.32 34.3 8.5 critically
537.105 559.32 14.39 8.5 low
553.716 559.32 18.92 8.5 pop-

200.012 572.302 28.28 8.5 ulation
230.512 572.302 14.65 8.5 size
247.35 572.302 8.18 8.5 in
257.668 572.302 31.58 8.5 severely
291.457 572.302 31.05 8.5 affected
324.735 572.302 27.75 8.5 species
354.725 572.302 18.41 8.5 such
375.305 572.302 7.97 8.5 as
385.453 572.302 21.49 8.5 zebra
409.15 572.302 18.51 8.5 (and
429.843 572.302 47.23 8.5 carnivores).
479.336 572.302 37.82 8.5 Although
519.361 572.302 43.42 8.5 differences
564.998 572.302 8.18 8.5 in

200.012 585.285 12.52 8.5 the
214.695 585.285 35.84 8.5 counting
252.736 585.285 34.63 8.5 methods
289.586 585.285 18.41 8.5 used
310.222 585.285 17.58 8.5 over
329.951 585.285 18.09 8.5 time
350.247 585.285 21.55 8.5 affect
374.001 585.285 12.52 8.5 the
388.684 585.285 36.83 8.5 precision
427.745 585.285 7.97 8.5 of
437.893 585.285 14.08 8.5 our
454.164 585.285 39.08 8.5 estimates,
495.493 585.285 12.52 8.5 the
510.176 585.285 19.41 8.5 large
531.776 585.285 43.08 8.5 magnitude

200.012 598.324 7.97 8.5 of
210.159 598.324 12.52 8.5 the
224.843 598.324 43.42 8.5 differences
270.48 598.324 37.99 8.5 observed,
310.732 598.324 15.12 8.5 and
328.023 598.324 12.52 8.5 the
342.707 598.324 36.12 8.5 generally
381.031 598.324 17.88 8.5 high
401.1 598.324 48.7 8.5 year-to-year
452.067 598.324 46.13 8.5 consistency
500.425 598.324 7.97 8.5 of
510.573 598.324 28.8 8.5 density
541.584 598.324 17.01 8.5 esti-

200.012 611.307 23.36 8.5 mates
225.58 611.307 11.68 8.5 for
239.413 611.307 19.86 8.5 most
261.466 611.307 30 8.5 species,
293.724 611.307 16.11 8.5 give
312.036 611.307 8.91 8.5 us
323.091 611.307 43.78 8.5 confidence
369.125 611.307 15.6 8.5 that
386.87 611.307 14.08 8.5 our
403.141 611.307 64.35 8.5 characterization
469.755 611.307 6.3 8.5 is
478.259 611.307 30.47 8.5 broadly
510.913 611.307 35.6 8.5 accurate.

211.974 624.29 31.93 8.5 Pre-war
246.159 624.29 29.48 8.5 wildlife
277.85 624.29 34.75 8.5 densities
314.814 624.29 8.18 8.5 in
325.189 624.29 20.11 8.5 GNP
347.469 624.29 19.04 8.5 were
368.729 624.29 17.88 8.5 high
388.798 624.29 29.18 8.5 relative
420.149 624.29 8.08 8.5 to
430.41 624.29 21.29 8.5 other
453.881 624.29 37.89 8.5 protected
494.019 624.29 20.24 8.5 areas
516.413 624.29 45.55 8.5 throughout

200.012 637.272 12.52 8.5 the
214.695 637.272 40.87 8.5 continent.
257.781 637.272 15.64 8.5 The
275.583 637.272 22.26 8.5 mean
300.074 637.272 38.5 8.5 estimated
340.779 637.272 32.53 8.5 biomass
375.532 637.272 28.8 8.5 density
406.542 637.272 7.97 8.5 of
416.69 637.272 28.99 8.5 >9,000
447.928 637.272 9.64 8.5 kg
459.72 637.272 13.18 8.5 km

472.875 635.087 6.20767 5.66602 -2
481.266 637.275 11.68 8.5 for
495.155 637.275 14.45 8.5 just
511.766 637.275 12.52 8.5 the
526.449 637.275 17.89 8.5 nine
546.519 637.275 23.88 8.5 major

200.015 650.314 27.75 8.5 species
229.948 650.314 35.43 8.5 surveyed
267.592 650.314 9.64 8.5 by
279.441 650.314 25.51 8.5 Tinley
307.164 650.314 16.32 8.5 [29]
325.645 650.314 12.93 8.5 (S1
340.782 650.314 14.86 8.5 Fig,
357.847 650.314 9.54 8.5 S2
369.525 650.314 25.61 8.5 Table)
397.362 650.314 17.05 8.5 puts
416.58 650.314 20.11 8.5 GNP
438.917 650.314 10.58 8.5 on
451.673 650.314 13.24 8.5 par
467.093 650.314 17.78 8.5 with
487.048 650.314 72.1 8.5 contemporaneous

200.015 663.296 36.83 8.5 estimates
239.076 663.296 7.97 8.5 of
249.224 663.296 61.38 8.5 large-herbivore
312.833 663.296 32.53 8.5 biomass
347.642 663.296 8.18 8.5 in
357.96 663.296 44.29 8.5 ecosystems
404.505 663.296 17.78 8.5 with
424.461 663.296 36.35 8.5 famously
463.068 663.296 17.88 8.5 high
483.136 663.296 29.48 8.5 wildlife
514.827 663.296 45.97 8.5 abundance,

200.015 676.279 18.41 8.5 such
220.594 676.279 7.97 8.5 as
230.742 676.279 49.81 8.5 Ngorongoro
282.786 676.279 25.62 8.5 Crater
310.622 676.279 30.13 8.5 (>7500
342.937 676.279 9.64 8.5 kg
354.785 676.279 13.18 8.5 km

367.937 674.092 6.20767 5.66602 -2

374.116 676.28 3.43 8.5 )
379.728 676.28 15.12 8.5 and
397.019 676.28 36.95 8.5 Serengeti
436.194 676.28 34.69 8.5 National
473.101 676.28 18.62 8.5 Park
493.907 676.28 30.13 8.5 (>8300
526.222 676.28 9.64 8.5 kg
538.07 676.28 13.18 8.5 km

551.225 674.092 6.20767 5.66602 -2

557.405 676.28 3.43 8.5 )

200.016 689.319 18.57 8.5 [38].
220.765 689.319 15.64 8.5 The
238.567 689.319 44.82 8.5 subsequent
285.621 689.319 43.66 8.5 population
331.542 689.319 32.2 8.5 declines
365.955 689.319 7.97 8.5 of
376.103 689.319 31.76 8.5 90–99%
410.062 689.319 19.86 8.5 from
432.115 689.319 12.52 8.5 the
446.855 689.319 42.25 8.5 mid-1970s
491.302 689.319 32.24 8.5 through
525.771 689.319 12.52 8.5 the
540.454 689.319 14.04 8.5 late

200.016 702.301 22.64 8.5 1990s
224.847 702.301 19.04 8.5 were
246.05 702.301 24.58 8.5 severe
272.866 702.301 11.68 8.5 for
286.699 702.301 9.29 8.5 all
298.15 702.301 17.89 8.5 nine
318.22 702.301 27.75 8.5 species
348.21 702.301 44.92 8.5 monitored.
395.378 702.301 17.67 8.5 This
415.221 702.301 43.57 8.5 conclusion
461.028 702.301 6.3 8.5 is
469.532 702.301 41.49 8.5 reinforced
513.242 702.301 9.64 8.5 by
525.034 702.301 38.41 8.5 anecdotal

428.882 40.4611 44.7434 7.39991 War-induced
475.256 40.4611 23.5197 7.39991 wildlife
500.428 40.4611 28.8716 7.39991 collapse
530.929 40.4611 13.1678 7.39991 and
545.782 40.4611 30.2956 7.39991 recovery

36 750.256 21.1997 7.39991 PLOS
58.8469 750.256 17.2398 7.39991 ONE
77.7819 750.256 2.07997 7.39991 |
81.5802 750.256 156.363 7.39991 https://doi.org/10.1371/journal.pone.0212864
245.876 750.256 21.9997 7.39991 March
269.573 750.256 10.9999 7.39991 13,
282.272 750.256 17.5438 7.39991 2019

552.81 750.256 8.79189 7.39991 11
563.241 750.256 2.24797 7.39991 /
567.209 750.256 8.79189 7.39991 18

200.012 413.678 28.49 8.5 reports
230.682 413.678 19.86 8.5 from
252.736 413.678 37.78 8.5 observers
292.761 413.678 31.24 8.5 familiar
326.209 413.678 17.78 8.5 with
346.222 413.678 31.51 8.5 pre-war
379.897 413.678 42.52 8.5 conditions
424.684 413.678 18.57 8.5 [32],
445.434 413.678 24.3 8.5 which
471.966 413.678 28.12 8.5 convey
502.296 413.678 4.37 8.5 a
508.816 413.678 39.1 8.5 near-total
550.145 413.678 23.73 8.5 elimi-

200.012 426.717 26.03 8.5 nation
228.244 426.717 7.97 8.5 of
238.392 426.717 31.73 8.5 wildlife,
272.351 426.717 38.19 8.5 including
312.773 426.717 22.57 8.5 many
337.548 426.717 29.01 8.5 smaller
368.729 426.717 27.75 8.5 species
398.719 426.717 13.56 8.5 not
414.423 426.717 32.56 8.5 counted
449.232 426.717 27.07 8.5 during
478.485 426.717 12.52 8.5 the
493.169 426.717 31.51 8.5 pre-war
526.901 426.717 42.82 8.5 fixed-wing

200.012 439.699 29.53 8.5 surveys
231.759 439.699 19.05 8.5 (e.g.,
252.962 439.699 29.41 8.5 impala,
284.597 439.699 39.25 8.5 reedbuck,
326.096 439.699 41.01 8.5 bushbuck,
369.295 439.699 21.44 8.5 oribi,
392.936 439.699 35.11 8.5 warthog;
430.297 439.699 12.61 8.5 Fig
445.093 439.699 10.43 8.5 5).

211.974 452.682 21.39 8.5 Since
235.558 452.682 21.29 8.5 2004,
259.085 452.682 20.46 8.5 there
281.705 452.682 13.24 8.5 has
297.126 452.682 19.04 8.5 been
318.329 452.682 4.37 8.5 a
324.905 452.682 30.72 8.5 marked
357.844 452.682 34.29 8.5 recovery
394.297 452.682 7.97 8.5 of
404.445 452.682 17.85 8.5 total
424.514 452.682 29.48 8.5 wildlife
456.205 452.682 32.53 8.5 biomass
490.958 452.682 15.12 8.5 and
508.249 452.682 7.97 8.5 of
518.397 452.682 19.86 8.5 most
540.45 452.682 32.08 8.5 individ-

200.012 465.665 12.1 8.5 ual
214.298 465.665 49.51 8.5 populations,
266.058 465.665 42.41 8.5 coinciding
310.675 465.665 17.78 8.5 with
330.688 465.665 12.52 8.5 the
345.371 465.665 44.98 8.5 re-building
392.596 465.665 7.97 8.5 of
402.744 465.665 18.2 8.5 park
423.153 465.665 57.32 8.5 infrastructure,
482.681 465.665 46.37 8.5 resumption
531.323 465.665 7.97 8.5 of
541.471 465.665 13.66 8.5 law

200.012 478.704 52.97 8.5 enforcement,
255.23 478.704 15.12 8.5 and
272.521 478.704 36.99 8.5 initiation
311.753 478.704 7.97 8.5 of
321.9 478.704 83.89 8.5 human-development
408.073 478.704 38.43 8.5 programs
448.722 478.704 24 8.5 under
474.914 478.704 12.52 8.5 the
489.597 478.704 44.12 8.5 Gorongosa
535.972 478.704 30.64 8.5 Project.

200.012 491.686 15.64 8.5 The
217.813 491.686 35.74 8.5 observed
255.797 491.686 32.51 8.5 increase
290.493 491.686 7.97 8.5 of
300.641 491.686 17.85 8.5 total
320.71 491.686 46.62 8.5 community
369.579 491.686 32.53 8.5 biomass
404.331 491.686 26.41 8.5 largely
432.905 491.686 28.35 8.5 reflects
463.462 491.686 28.6 8.5 natural
494.303 491.686 43.66 8.5 population
540.167 491.686 28.53 8.5 growth

200.012 504.669 7.97 8.5 of
210.159 504.669 34.43 8.5 remnant
246.783 504.669 49.51 8.5 populations.
298.543 504.669 6.87 8.5 A
307.614 504.669 22.07 8.5 series
331.878 504.669 7.97 8.5 of
342.026 504.669 29.48 8.5 wildlife
373.717 504.669 64.67 8.5 reintroductions,
440.671 504.669 37.56 8.5 involving
480.47 504.669 22.12 8.5 seven
504.734 504.669 30 8.5 species,
536.992 504.669 18.1 8.5 took

200.012 517.708 20.45 8.5 place
222.632 517.708 33.08 8.5 between
257.951 517.708 19.04 8.5 2007
279.154 517.708 15.12 8.5 and
296.446 517.708 19.04 8.5 2018
317.705 517.708 15.49 8.5 (see
335.337 517.708 13.1 8.5 full
350.644 517.708 11.74 8.5 list
364.59 517.708 8.18 8.5 in
374.908 517.708 9.54 8.5 S1
386.643 517.708 27.86 8.5 Table),
416.69 517.708 13.35 8.5 but
432.224 517.708 12.52 8.5 the
446.964 517.708 35.57 8.5 numbers
484.722 517.708 19.04 8.5 were
505.925 517.708 42.79 8.5 substantial
550.995 517.708 17.58 8.5 only

200.012 530.691 11.68 8.5 for
213.844 530.691 27.96 8.5 buffalo
244.062 530.691 17.68 8.5 (210
263.904 530.691 48.7 8.5 translocated
314.814 530.691 19.86 8.5 from
336.924 530.691 46.59 8.5 2007–2011)
385.736 530.691 15.12 8.5 and
403.028 530.691 41.59 8.5 wildebeest
446.851 530.691 17.68 8.5 (180
466.693 530.691 48.7 8.5 translocated
517.66 530.691 8.18 8.5 in
527.978 530.691 24.68 8.5 2007).
554.907 530.691 10.47 8.5 As
567.549 530.691 7.97 8.5 of

200.012 543.674 21.29 8.5 2018,
223.482 543.674 20.35 8.5 these
246.046 543.674 14.91 8.5 two
263.11 543.674 27.75 8.5 species
293.101 543.674 46.87 8.5 represented
342.196 543.674 14.45 8.5 just
358.807 543.674 20.05 8.5 <2%
381.031 543.674 7.97 8.5 of
391.179 543.674 17.85 8.5 total
411.248 543.674 44.24 8.5 individuals
457.736 543.674 15.12 8.5 and
475.027 543.674 20.05 8.5 <4%
497.251 543.674 7.97 8.5 of
507.399 543.674 17.85 8.5 total
527.468 543.674 32.53 8.5 biomass

200.012 556.713 19.6 8.5 (Figs
221.781 556.713 4.79 8.5 5
228.755 556.713 15.12 8.5 and
246.046 556.713 10.43 8.5 6).
258.688 556.713 12.45 8.5 No
273.315 556.713 56 8.5 translocations
331.595 556.713 19.04 8.5 were
352.798 556.713 22.05 8.5 made
377.062 556.713 11.68 8.5 for
390.895 556.713 14.39 8.5 any
407.45 556.713 7.97 8.5 of
417.598 556.713 12.52 8.5 the
432.338 556.713 17.89 8.5 nine
452.407 556.713 27.75 8.5 species
482.34 556.713 15.6 8.5 that
500.142 556.713 12.31 8.5 are
514.655 556.713 36.65 8.5 currently
553.49 556.713 19.86 8.5 most

200.012 569.695 40.84 8.5 numerous
243.041 569.695 47.28 8.5 (waterbuck,
292.59 569.695 39.25 8.5 reedbuck,
334.033 569.695 35.11 8.5 warthog,
371.393 569.695 29.41 8.5 impala,
403.028 569.695 21.44 8.5 oribi,
426.668 569.695 41.01 8.5 bushbuck,
469.868 569.695 23.06 8.5 kudu,
495.153 569.695 23.43 8.5 nyala,
520.778 569.695 15.12 8.5 and
538.069 569.695 25.36 8.5 sable),

200.012 582.678 24.3 8.5 which
226.487 582.678 33.14 8.5 together
261.863 582.678 42.14 8.5 comprised
306.253 582.678 17.1 8.5 98%
325.529 582.678 7.97 8.5 of
335.677 582.678 44.24 8.5 individuals
382.165 582.678 15.12 8.5 and
399.456 582.678 17.1 8.5 80%
418.731 582.678 7.97 8.5 of
428.879 582.678 61.38 8.5 large-herbivore
492.545 582.678 32.53 8.5 biomass
527.298 582.678 8.18 8.5 in
537.672 582.678 21.29 8.5 2018.

211.974 595.661 51.31 8.5 Immigration
265.605 595.661 7.97 8.5 of
275.753 595.661 29.48 8.5 wildlife
307.444 595.661 19.86 8.5 from
329.497 595.661 29.11 8.5 outside
360.792 595.661 7.97 8.5 of
370.94 595.661 12.52 8.5 the
385.68 595.661 18.2 8.5 park
406.032 595.661 44.71 8.5 boundaries
452.974 595.661 6.3 8.5 is
461.478 595.661 32.1 8.5 unlikely
495.777 595.661 8.08 8.5 to
506.038 595.661 18.41 8.5 have
526.617 595.661 46.97 8.5 contributed

200.012 608.7 22.99 8.5 much
225.183 608.7 8.08 8.5 to
235.444 608.7 34.29 8.5 recovery
271.954 608.7 7.97 8.5 of
282.102 608.7 35.57 8.5 numbers
319.86 608.7 15.12 8.5 and
337.151 608.7 32.53 8.5 biomass
371.96 608.7 25.92 8.5 within
400.08 608.7 12.52 8.5 the
414.763 608.7 20.45 8.5 park.
437.383 608.7 11.79 8.5 All
451.386 608.7 38.41 8.5 anecdotal
491.978 608.7 48.51 8.5 information
542.775 608.7 15.12 8.5 and

200.012 621.682 16.95 8.5 data
219.117 621.682 19.86 8.5 from
241.17 621.682 18.41 8.5 both
261.806 621.682 41.37 8.5 systematic
305.403 621.682 15.12 8.5 and
322.694 621.682 54.05 8.5 opportunistic
379.047 621.682 42.06 8.5 overflights
423.323 621.682 7.97 8.5 of
433.471 621.682 20.24 8.5 areas
455.922 621.682 50.19 8.5 surrounding
508.362 621.682 20.11 8.5 GNP
530.642 621.682 31.88 8.5 indicate

200.012 634.665 15.6 8.5 that
217.756 634.665 34.75 8.5 densities
254.777 634.665 7.97 8.5 of
264.924 634.665 57.21 8.5 medium-sized
324.395 634.665 37.57 8.5 antelopes
364.193 634.665 12.31 8.5 are
378.65 634.665 17.06 8.5 very
397.925 634.665 38.7 8.5 low—and
438.857 634.665 23.12 8.5 larger
464.142 634.665 27.75 8.5 species
494.132 634.665 39.88 8.5 effectively
536.198 634.665 34.95 8.5 absent—

200.012 647.704 29.11 8.5 outside
231.306 647.704 18.2 8.5 park
251.715 647.704 46.96 8.5 boundaries,
300.924 647.704 24.31 8.5 where
327.4 647.704 31.82 8.5 hunting
361.472 647.704 6.3 8.5 is
369.919 647.704 28.7 8.5 intense
400.817 647.704 15.12 8.5 and
418.164 647.704 22.99 8.5 much
443.336 647.704 17.58 8.5 land
463.065 647.704 13.24 8.5 has
478.542 647.704 19.04 8.5 been
499.745 647.704 39.77 8.5 converted
541.698 647.704 8.08 8.5 to
551.959 647.704 18.88 8.5 agri-

200.012 660.687 30.44 8.5 culture.
232.61 660.687 29.15 8.5 During
264.017 660.687 12.52 8.5 the
278.701 660.687 19.04 8.5 2000
299.904 660.687 28.18 8.5 survey,
330.291 660.687 21.85 8.5 when
354.329 660.687 14.29 8.5 337
370.826 660.687 13.18 8.5 km
386.19 660.687 7.97 8.5 of
396.338 660.687 35.18 8.5 transects
433.698 660.687 19.04 8.5 were
454.958 660.687 22.74 8.5 flown
479.903 660.687 22.54 8.5 north
504.621 660.687 7.97 8.5 of
514.769 660.687 12.52 8.5 the
529.452 660.687 29.65 8.5 current

200.012 673.67 18.2 8.5 park
220.364 673.67 41.01 8.5 boundary,
263.507 673.67 4.37 8.5 a
270.027 673.67 23.11 8.5 single
295.312 673.67 19.72 8.5 sable
317.138 673.67 33.97 8.5 antelope
353.308 673.67 14.8 8.5 was
370.259 673.67 12.52 8.5 the
384.886 673.67 17.58 8.5 only
404.615 673.67 40.64 8.5 individual
447.475 673.67 7.97 8.5 of
457.566 673.67 12.52 8.5 the
472.192 673.67 17.89 8.5 nine
492.262 673.67 57.04 8.5 largest-bodied
551.505 673.67 24.47 8.5 herbi-

200.012 686.709 17.58 8.5 vore
219.741 686.709 27.75 8.5 species
249.731 686.709 35.74 8.5 observed
287.715 686.709 29.11 8.5 outside
319.009 686.709 22.36 8.5 GNP.
343.557 686.709 19.97 8.5 Even
365.724 686.709 8.18 8.5 in
376.099 686.709 12.52 8.5 the
390.782 686.709 33.13 8.5 outlying
426.158 686.709 20.24 8.5 areas
448.552 686.709 25.92 8.5 within
476.728 686.709 12.52 8.5 the
491.411 686.709 18.2 8.5 park
511.764 686.709 46.96 8.5 boundaries,

200.012 699.691 29.48 8.5 wildlife
231.703 699.691 34.75 8.5 densities
268.666 699.691 28.63 8.5 remain
299.507 699.691 48.63 8.5 significantly
350.417 699.691 22.33 8.5 lower
374.908 699.691 18.1 8.5 than
395.204 699.691 21.18 8.5 those
418.618 699.691 25.92 8.5 within
446.738 699.691 12.52 8.5 the
461.421 699.691 17.27 8.5 core
480.866 699.691 23.06 8.5 count
506.095 699.691 24.06 8.5 block.
532.4 699.691 15.64 8.5 The
550.201 699.691 17.85 8.5 total

72 340.183 10.5759 6.79991 Fig
84.2454 340.183 5.95993 6.79991 6.
94.5629 340.183 31.6076 6.79991 Observed
127.842 340.183 13.7838 6.79991 pre-
143.319 340.183 12.5758 6.79991 and
157.605 340.183 29.27 6.79991 post-war
188.616 340.183 18.6078 6.79991 aerial
208.913 340.183 21.5277 6.79991 survey
232.1 340.183 14.5278 6.79991 data
248.314 340.183 13.8718 6.79991 (red
263.847 340.183 23.8157 6.79991 points)
289.359 340.183 23.9837 6.79991 plotted
314.984 340.183 23.8077 6.79991 against
340.496 340.183 50.3202 6.79991 logistic-growth
392.483 340.183 21.1997 6.79991 curves
415.387 340.183 9.99188 6.79991 for
427.066 340.183 9.32788 6.79991 (a)
438.064 340.183 34.5676 6.79991 waterbuck
474.291 340.183 14.5358 6.79991 and,
490.504 340.183 9.83188 6.79991 (b)
502.013 340.183 36.3115 6.79991 hartebeest.
539.997 340.183 25.1997 6.79991 Vertical

72 349.707 13.4478 6.79991 axes
87.1366 349.707 28.2396 6.79991 (number
117.014 349.707 6.36792 6.79991 of
125.121 349.707 35.2268 6.79991 individuals
162.084 349.707 10.4959 6.79991 per
174.273 349.707 10.5359 6.79991 km

184.706 347.923 2.8739 4.53262 2
189.298 349.708 30.9916 6.79991 surveyed)
221.953 349.708 30.1196 6.79991 intersects
253.7 349.708 32.8636 6.79991 horizontal
288.226 349.708 13.4478 6.79991 axes
303.363 349.708 18.8638 6.79991 (year)
323.886 349.708 6.53592 6.79991 in
332.163 349.708 16.9998 6.79991 1994,
350.815 349.708 33.8556 6.79991 coinciding
386.304 349.708 14.1998 6.79991 with
402.179 349.708 9.99987 6.79991 the
413.914 349.708 12.6558 6.79991 first
428.257 349.708 28.1116 6.79991 post-war
458.021 349.708 22.4957 6.79991 survey.
482.172 349.708 11.2479 6.79991 For
495.097 349.708 34.9412 6.79991 waterbuck,
531.778 349.708 22.6077 6.79991 logistic

72.0011 359.175 20.4557 6.79991 curves
94.1112 359.175 9.83188 6.79991 are
105.62 359.175 22.4957 6.79991 plotted
129.828 359.175 17.3198 6.79991 using
148.82 359.175 7.8719 6.79991 an
158.401 359.175 40.5979 6.79991 intermediate
200.693 359.327 5.22393 7.39191 K
207.666 359.175 26.4333 6.79991 estimate
235.842 359.175 13.2878 6.79991 (red
250.809 359.175 14.5758 6.79991 line)
267.08 359.175 17.5758 6.79991 along
286.298 359.175 14.1998 6.79991 with
302.229 359.175 28.1516 6.79991 plausible
331.993 359.175 21.6157 6.79991 upper-
355.294 359.175 12.0798 6.79991 and
369.07 359.175 41.3923 6.79991 lower-bound
412.156 359.327 5.22393 7.39191 K
419.13 359.175 29.3996 6.79991 estimates
450.197 359.175 20.5357 6.79991 (green
472.364 359.175 14.7438 6.79991 lines
488.805 359.175 12.0798 6.79991 and
502.581 359.175 22.3677 6.79991 shaded
526.619 359.175 28.7836 6.79991 interval).
557.063 359.175 11.2479 6.79991 For

72.0011 368.7 34.142 6.79991 hartebeest,
107.888 368.7 22.6077 6.79991 logistic
132.152 368.7 20.4557 6.79991 curves
154.262 368.7 9.83188 6.79991 are
165.828 368.7 22.4957 6.79991 plotted
189.978 368.7 17.3198 6.79991 using
208.97 368.7 9.99988 6.79991 the
220.649 368.7 28.5356 6.79991 observed
250.866 368.7 18.5678 6.79991 initial
271.105 368.7 28.1116 6.79991 post-war
300.869 368.7 22.9917 6.79991 density
325.53 368.7 26.5277 6.79991 estimate
353.706 368.7 13.2878 6.79991 (red
368.673 368.7 14.5758 6.79991 line)
384.944 368.852 4.63994 7.39191 ±
391.294 368.7 13.6638 6.79991 50%
406.657 368.7 16.3278 6.79991 (blue
424.685 368.7 14.7438 6.79991 lines
441.07 368.7 12.0798 6.79991 and
454.846 368.7 22.3677 6.79991 shaded
478.884 368.7 28.7836 6.79991 interval),
509.328 368.7 30.1836 6.79991 assuming
541.189 368.7 9.99987 6.79991 the

72.0011 378.168 40.5995 6.79991 intermediate
114.294 378.32 5.22393 7.39191 K
121.267 378.168 18.4558 6.79991 value.

72.0011 393.701 152.704 6.79991 https://doi.org/10.1371/journal.pone.0212864.g006

428.882 40.4611 44.7434 7.39991 War-induced
475.256 40.4611 23.5197 7.39991 wildlife
500.428 40.4611 28.8716 7.39991 collapse
530.929 40.4611 13.1678 7.39991 and
545.782 40.4611 30.2956 7.39991 recovery

36 750.256 21.1997 7.39991 PLOS
58.8469 750.256 17.2398 7.39991 ONE
77.7819 750.256 2.07997 7.39991 |
81.5802 750.256 156.363 7.39991 https://doi.org/10.1371/journal.pone.0212864
245.876 750.256 21.9997 7.39991 March
269.573 750.256 10.9999 7.39991 13,
282.272 750.256 17.5438 7.39991 2019

552.81 750.256 8.79189 7.39991 12
563.241 750.256 2.24797 7.39991 /
567.209 750.256 8.79189 7.39991 18

200.012 77.886 32.53 8.5 biomass
234.764 77.886 35.75 8.5 recorded
272.691 77.886 8.18 8.5 in
283.066 77.886 19.04 8.5 2016
304.326 77.886 15.12 8.5 and
321.617 77.886 19.04 8.5 2018
342.82 77.886 22.01 8.5 along
367.028 77.886 12.52 8.5 the
381.711 77.886 34.6 8.5 western-
418.561 77.886 15.12 8.5 and
435.853 77.886 51.92 8.5 eastern-most
489.994 77.886 28 8.5 sample
520.211 77.886 18.47 8.5 lines
540.904 77.886 14.8 8.5 was
557.855 77.886 17.58 8.5 only

200.012 90.925 14.29 8.5 461
216.452 90.925 15.12 8.5 and
233.744 90.925 14.29 8.5 754
250.241 90.925 9.64 8.5 kg
262.033 90.925 13.18 8.5 km

275.244 88.6798 6.20767 5.66602 -2

281.367 90.925 2.29 8.5 ,
285.845 90.925 48.86 8.5 respectively,
336.925 90.925 29.18 8.5 relative
368.333 90.925 8.08 8.5 to
378.594 90.925 21.29 8.5 8,880
402.065 90.925 9.64 8.5 kg
413.857 90.925 13.18 8.5 km

427.068 88.6798 6.20767 5.66602 -2
435.401 90.925 25.92 8.5 within
463.577 90.925 12.52 8.5 the
478.26 90.925 17.27 8.5 core
497.706 90.925 23.06 8.5 count
522.934 90.925 24.06 8.5 block.

211.976 103.907 37.82 8.5 Although
252.058 103.907 11.1 8.5 we
265.324 103.907 18.89 8.5 tried
286.413 103.907 8.08 8.5 to
296.675 103.907 39.04 8.5 maximize
337.947 103.907 55.4 8.5 comparability
395.603 103.907 7.97 8.5 of
405.751 103.907 16.95 8.5 data
424.913 103.907 24.57 8.5 across
451.671 103.907 20.45 8.5 years
474.348 103.907 15.12 8.5 and
491.64 103.907 12.31 8.5 are
506.096 103.907 38.3 8.5 confident
546.631 103.907 8.18 8.5 in
557.006 103.907 12.52 8.5 the

200.014 116.89 41.54 8.5 qualitative
243.781 116.89 34.91 8.5 accuracy
280.914 116.89 7.97 8.5 of
291.062 116.89 14.08 8.5 our
307.333 116.89 49.42 8.5 conclusions,
358.98 116.89 11.1 8.5 we
372.246 116.89 51.76 8.5 acknowledge
426.274 116.89 12.52 8.5 the
440.956 116.89 35.38 8.5 potential
478.544 116.89 11.68 8.5 for
492.433 116.89 47.67 8.5 imprecision
542.323 116.89 15.12 8.5 and

200.014 129.872 20.46 8.5 error
222.634 129.872 40.33 8.5 associated
265.21 129.872 17.78 8.5 with
285.166 129.872 12.52 8.5 the
299.906 129.872 37.78 8.5 divergent
339.875 129.872 23.06 8.5 count
365.159 129.872 58.74 8.5 methodologies
426.161 129.872 29.69 8.5 utilized
458.078 129.872 24.57 8.5 across
484.836 129.872 22.7 8.5 years.
509.724 129.872 17.67 8.5 This
529.567 129.872 14.8 8.5 was

200.014 142.912 48.73 8.5 unavoidable
250.981 142.912 21.59 8.5 given
274.791 142.912 12.52 8.5 the
289.475 142.912 26.04 8.5 nature
317.708 142.912 7.97 8.5 of
327.856 142.912 12.52 8.5 the
342.539 142.912 16.95 8.5 data
361.701 142.912 36.69 8.5 available.
400.592 142.912 15.64 8.5 The
418.45 142.912 31.51 8.5 pre-war
452.125 142.912 26.66 8.5 counts
480.981 142.912 19.04 8.5 were
502.241 142.912 42.06 8.5 conducted
546.518 142.912 21.69 8.5 using
570.385 142.912 4.37 8.5 a

200.014 155.894 42.82 8.5 fixed-wing
245.085 155.894 28.86 8.5 aircraft
276.152 155.894 17.78 8.5 with
296.108 155.894 19.03 8.5 wide
317.368 155.894 35.84 8.5 counting
355.408 155.894 24 8.5 strips.
381.6 155.894 52.7 8.5 Undercounts
436.534 155.894 7.97 8.5 of
446.682 155.894 31.08 8.5 animals
480.018 155.894 8.18 8.5 in
490.336 155.894 12.52 8.5 the
505.076 155.894 28.33 8.5 Kruger
535.576 155.894 34.69 8.5 National

200.014 168.877 20.87 8.5 Park,
223.088 168.877 21.69 8.5 using
246.955 168.877 4.37 8.5 a
253.475 168.877 42.82 8.5 fixed-wing
298.546 168.877 21.7 8.5 plane
322.47 168.877 15.12 8.5 and
339.761 168.877 4.37 8.5 a
346.281 168.877 18.15 8.5 strip
366.633 168.877 23.05 8.5 width
391.918 168.877 7.97 8.5 of
402.066 168.877 14.29 8.5 800
418.507 168.877 10.47 8.5 m,
431.15 168.877 19.04 8.5 were
452.408 168.877 38.5 8.5 estimated
493.114 168.877 7.35 8.5 at
502.638 168.877 17.1 8.5 15%
521.913 168.877 11.68 8.5 for
535.803 168.877 21.86 8.5 easily

200.014 181.916 29.32 8.5 spotted
231.535 181.916 27.75 8.5 species
261.525 181.916 18.41 8.5 such
282.105 181.916 7.97 8.5 as
292.253 181.916 41.59 8.5 wildebeest
336.076 181.916 15.12 8.5 and
353.367 181.916 21.49 8.5 zebra
377.065 181.916 15.12 8.5 and
394.356 181.916 17.1 8.5 40%
413.632 181.916 11.68 8.5 for
427.521 181.916 42.64 8.5 less-visible
472.364 181.916 31.08 8.5 animals
505.699 181.916 14.35 8.5 like
522.253 181.916 27.16 8.5 impala
551.62 181.916 15.12 8.5 and

200.014 194.899 41.64 8.5 waterbuck
243.837 194.899 18.57 8.5 [40].
264.644 194.899 38.55 8.5 However,
305.405 194.899 30.99 8.5 because
338.571 194.899 12.52 8.5 the
353.311 194.899 16.64 8.5 pre-
372.133 194.899 10.43 8.5 vs.
384.718 194.899 35.21 8.5 post-war
422.192 194.899 51.11 8.5 comparisons
475.539 194.899 30.57 8.5 focused
508.307 194.899 42.9 8.5 exclusively
553.434 194.899 10.58 8.5 on

200.014 207.881 17.89 8.5 nine
220.083 207.881 36.18 8.5 relatively
258.464 207.881 19.41 8.5 large
280.064 207.881 30 8.5 species,
312.322 207.881 9.29 8.5 all
323.774 207.881 25.92 8.5 within
351.893 207.881 14.76 8.5 Rift
368.844 207.881 24.99 8.5 Valley
396.057 207.881 27.65 8.5 habitat
425.877 207.881 17.78 8.5 with
445.889 207.881 36.18 8.5 relatively
484.269 207.881 17.88 8.5 high
504.339 207.881 15.12 8.5 and
521.63 207.881 32.56 8.5 spatially

200.014 220.921 56.12 8.5 homogeneous
258.351 220.921 36.11 8.5 visibility,
296.732 220.921 11.1 8.5 we
309.998 220.921 10.37 8.5 do
322.583 220.921 13.56 8.5 not
338.287 220.921 21.39 8.5 think
361.871 220.921 15.6 8.5 that
379.673 220.921 14.55 8.5 this
396.397 220.921 26.14 8.5 source
424.743 220.921 7.97 8.5 of
434.891 220.921 20.46 8.5 error
457.511 220.921 28.33 8.5 unduly
488.068 220.921 55.38 8.5 compromised
545.724 220.921 14.08 8.5 our

200.014 233.903 28.14 8.5 results;
230.345 233.903 8.18 8.5 in
240.719 233.903 14.39 8.5 any
257.273 233.903 23.75 8.5 event,
283.239 233.903 12.52 8.5 the
297.922 233.903 21.45 8.5 effect
321.563 233.903 7.97 8.5 of
331.711 233.903 18.41 8.5 such
352.29 233.903 20.46 8.5 error
374.967 233.903 24.93 8.5 would
402.066 233.903 9.33 8.5 be
413.575 233.903 8.08 8.5 to
423.836 233.903 26.98 8.5 reduce
453.032 233.903 31.51 8.5 pre-war
486.707 233.903 36.83 8.5 estimates
525.768 233.903 29.18 8.5 relative
557.176 233.903 8.08 8.5 to

200.014 246.886 35.21 8.5 post-war
237.431 246.886 20.66 8.5 ones,
260.278 246.886 30.29 8.5 making
292.82 246.886 14.08 8.5 our
309.034 246.886 25.89 8.5 results
337.153 246.886 4.37 8.5 a
343.673 246.886 49.63 8.5 conservative
395.547 246.886 36.42 8.5 indicator
434.211 246.886 7.97 8.5 of
444.358 246.886 12.52 8.5 the
459.041 246.886 43.08 8.5 magnitude
504.395 246.886 7.97 8.5 of
514.543 246.886 50.82 8.5 war-induced

200.014 259.925 34.45 8.5 declines.
236.694 259.925 35.63 8.5 Post-war
274.508 259.925 26.66 8.5 counts
303.365 259.925 18.41 8.5 used
324.001 259.925 22.99 8.5 much
349.172 259.925 37.1 8.5 narrower
388.46 259.925 35.84 8.5 counting
426.557 259.925 24 8.5 strips,
452.748 259.925 15.12 8.5 and
470.04 259.925 20.24 8.5 since
492.49 259.925 19.04 8.5 2000
513.693 259.925 28.9 8.5 (except
544.817 259.925 22.43 8.5 2004)

200.014 272.908 18.41 8.5 have
220.593 272.908 19.04 8.5 been
241.853 272.908 42.06 8.5 conducted
286.073 272.908 9.64 8.5 by
297.922 272.908 42.28 8.5 helicopter,
342.426 272.908 24.3 8.5 which
368.901 272.908 22.8 8.5 yields
393.959 272.908 21.22 8.5 more
417.373 272.908 33.35 8.5 accurate
452.918 272.908 25.89 8.5 results
480.981 272.908 18.57 8.5 [41].
501.787 272.908 15.64 8.5 The
519.589 272.908 43.72 8.5 probability
565.567 272.908 7.97 8.5 of

200.014 285.89 28 8.5 sample
230.231 285.89 26.66 8.5 counts
259.088 285.89 8.08 8.5 to
269.349 285.89 40.71 8.5 encounter
312.265 285.89 12.52 8.5 the
326.949 285.89 21.07 8.5 small
350.193 285.89 31.97 8.5 number
384.378 285.89 7.97 8.5 of
394.526 285.89 34.43 8.5 remnant
431.206 285.89 78.21 8.5 animals—especially
511.709 285.89 12.52 8.5 the
526.392 285.89 17.06 8.5 very
545.611 285.89 28.48 8.5 limited

200.014 298.873 35.57 8.5 numbers
237.771 298.873 7.97 8.5 of
247.919 298.873 54.62 8.5 herd-forming
304.839 298.873 75.07 8.5 species—remained
382.167 298.873 14.39 8.5 low
398.721 298.873 18.89 8.5 until
419.811 298.873 7.35 8.5 at
429.335 298.873 17.64 8.5 least
449.177 298.873 21.29 8.5 2007.
472.648 298.873 22.53 8.5 Thus,
497.365 298.873 12.52 8.5 the
512.106 298.873 36.83 8.5 precision
551.167 298.873 7.97 8.5 of

200.014 311.912 36.83 8.5 estimates
239.075 311.912 19.86 8.5 from
261.129 311.912 12.52 8.5 the
275.812 311.912 43.2 8.5 1994–2004
321.223 311.912 26.66 8.5 counts
350.079 311.912 26.97 8.5 should
379.276 311.912 9.33 8.5 be
390.784 311.912 35.43 8.5 regarded
428.428 311.912 40.44 8.5 cautiously
471.117 311.912 11.36 8.5 (as
484.666 311.912 34.25 8.5 reflected
521.12 311.912 8.18 8.5 in
531.438 311.912 14.08 8.5 our
547.708 311.912 19.93 8.5 deci-

200.014 324.895 20.44 8.5 sions
222.634 324.895 8.08 8.5 to
232.896 324.895 30.05 8.5 average
265.154 324.895 24.57 8.5 across
291.913 324.895 29.53 8.5 surveys
323.66 324.895 25.92 8.5 within
351.78 324.895 23.47 8.5 broad
377.462 324.895 36.15 8.5 temporal
415.843 324.895 34.03 8.5 intervals
452.068 324.895 8.18 8.5 in
462.443 324.895 16.21 8.5 Figs
480.868 324.895 7.04 8.5 3,
490.052 324.895 4.79 8.5 4
497.025 324.895 15.12 8.5 and
514.317 324.895 10.43 8.5 5).
526.959 324.895 6.41 8.5 It
535.52 324.895 6.3 8.5 is
544.023 324.895 19 8.5 clear

200.014 337.877 19.86 8.5 from
222.067 337.877 55.46 8.5 ground-based
279.78 337.877 15.12 8.5 and
297.072 337.877 54.05 8.5 opportunistic
353.367 337.877 21.76 8.5 aerial
377.348 337.877 50.35 8.5 observations
429.959 337.877 15.6 8.5 that
447.759 337.877 27.75 8.5 species
477.693 337.877 18.41 8.5 such
498.273 337.877 7.97 8.5 as
508.421 337.877 30.21 8.5 buffalo,
540.905 337.877 24.99 8.5 wilde-

200.014 350.917 22.39 8.5 beest,
224.562 350.917 15.12 8.5 and
241.91 350.917 34.18 8.5 elephant
278.306 350.917 13.24 8.5 did
293.727 350.917 28.59 8.5 survive
324.511 350.917 12.52 8.5 the
339.194 350.917 14.91 8.5 war
356.315 350.917 8.18 8.5 in
366.633 350.917 21.07 8.5 small
389.934 350.917 37.82 8.5 numbers,
429.959 350.917 11.79 8.5 yet
443.961 350.917 17.06 8.5 they
463.18 350.917 19.04 8.5 were
484.383 350.917 13.56 8.5 not
500.143 350.917 26.55 8.5 picked
528.887 350.917 10.47 8.5 up
541.529 350.917 8.18 8.5 in
551.904 350.917 21.11 8.5 some

200.014 363.899 7.97 8.5 of
210.162 363.899 12.52 8.5 the
224.845 363.899 28.24 8.5 earliest
255.289 363.899 35.21 8.5 post-war
292.706 363.899 28 8.5 sample
322.923 363.899 28.91 8.5 counts.
354.048 363.899 17.67 8.5 This
373.947 363.899 33.9 8.5 problem
410.06 363.899 6.3 8.5 is
418.507 363.899 39.99 8.5 illustrated
460.742 363.899 9.64 8.5 by
472.534 363.899 12.52 8.5 the
487.274 363.899 46.26 8.5 improbably
535.746 363.899 17.88 8.5 high
555.815 363.899 14.46 8.5 ele-

200.014 376.882 23.26 8.5 phant
225.469 376.882 28.8 8.5 density
256.48 376.882 38.5 8.5 estimated
297.185 376.882 8.18 8.5 in
307.56 376.882 21.29 8.5 2000,
331.031 376.882 37.53 8.5 reflecting
370.772 376.882 12.52 8.5 the
385.512 376.882 27.81 8.5 chance
415.502 376.882 40.71 8.5 encounter
458.418 376.882 7.97 8.5 of
468.566 376.882 12.52 8.5 the
483.249 376.882 17.79 8.5 bulk
503.205 376.882 7.97 8.5 of
513.353 376.882 4.37 8.5 a
519.929 376.882 34.84 8.5 clumped
556.949 376.882 18.92 8.5 pop-

200.014 389.921 28.28 8.5 ulation
230.515 389.921 28.17 8.5 despite
260.902 389.921 21.07 8.5 small
284.146 389.921 36.55 8.5 sampling
322.923 389.921 37.26 8.5 coverage;
362.438 389.921 8.18 8.5 in
372.756 389.921 34.66 8.5 contrast,
409.663 389.921 10.58 8.5 no
422.419 389.921 37.78 8.5 elephants
462.386 389.921 19.04 8.5 were
483.646 389.921 35.75 8.5 recorded
521.573 389.921 8.18 8.5 in
531.948 389.921 12.52 8.5 the

200.014 402.904 44.82 8.5 subsequent
247.069 402.904 25.93 8.5 survey
275.188 402.904 8.18 8.5 in
285.563 402.904 21.29 8.5 2002,
309.034 402.904 28.17 8.5 despite
339.421 402.904 24.79 8.5 nearly
366.407 402.904 35.94 8.5 doubling
404.561 402.904 12.52 8.5 the
419.244 402.904 36.55 8.5 sampling
458.021 402.904 18.89 8.5 area.

200.012 436.943 47.5544 10.1999 Observed
250.128 436.943 18.9046 10.1999 and
271.672 436.943 43.226 10.1999 modeled
317.479 436.943 55.3351 10.1999 population
375.419 436.943 32.0217 10.1999 trends

200.012 455.291 15.22 8.5 Use
217.416 455.291 7.97 8.5 of
227.564 455.291 26.33 8.5 simple
256.08 455.291 28.33 8.5 logistic
286.638 455.291 28.84 8.5 models
317.705 455.291 7.97 8.5 as
327.853 455.291 4.37 8.5 a
334.373 455.291 35.8 8.5 best-case
372.414 455.291 42.18 8.5 theoretical
416.804 455.291 45.49 8.5 benchmark
464.539 455.291 29.43 8.5 enables
496.173 455.291 8.91 8.5 us
507.228 455.291 8.08 8.5 to
517.49 455.291 23 8.5 assess
542.718 455.291 18.41 8.5 both
563.297 455.291 12.52 8.5 the

200.012 468.273 43.88 8.5 plausibility
246.159 468.273 7.97 8.5 of
256.307 468.273 28.8 8.5 density
287.318 468.273 36.83 8.5 estimates
326.379 468.273 32.2 8.5 inferred
360.792 468.273 19.86 8.5 from
382.845 468.273 23.06 8.5 count
408.073 468.273 16.95 8.5 data
427.235 468.273 15.12 8.5 and
444.526 468.273 12.52 8.5 the
459.21 468.273 24.58 8.5 extent
485.969 468.273 8.08 8.5 to
496.23 468.273 24.3 8.5 which
522.762 468.273 47.16 8.5 population-

200.012 481.312 34.29 8.5 recovery
236.522 481.312 18.89 8.5 rates
257.554 481.312 12.31 8.5 are
272.068 481.312 47.07 8.5 constrained
321.39 481.312 9.64 8.5 by
333.182 481.312 33.5 8.5 intrinsic
368.899 481.312 39.39 8.5 (gestation
410.568 481.312 27.35 8.5 length,
440.104 481.312 28.38 8.5 calving
470.662 481.312 32.68 8.5 interval,
505.584 481.312 33.69 8.5 weaning
541.471 481.312 16.63 8.5 age)
560.293 481.312 10.43 8.5 vs.

200.012 494.295 34.23 8.5 extrinsic
236.465 494.295 42.51 8.5 (poaching,
281.195 494.295 41.17 8.5 predation,
324.622 494.295 31.35 8.5 disease)
358.184 494.295 29.07 8.5 factors.
389.478 494.295 44.45 8.5 Waterbuck
436.136 494.295 34.75 8.5 densities
473.1 494.295 55.05 8.5 corresponded
530.416 494.295 26.62 8.5 closely

200.012 507.278 17.78 8.5 with
219.967 507.278 45.08 8.5 predictions
267.306 507.278 7.97 8.5 of
277.454 507.278 4.37 8.5 a
283.973 507.278 28.33 8.5 logistic
314.53 507.278 25.24 8.5 model
341.97 507.278 47.08 8.5 constructed
391.292 507.278 21.69 8.5 using
415.16 507.278 41.64 8.5 waterbuck
459.04 507.278 43.58 8.5 life-history
504.847 507.278 44.5 8.5 parameters

200.012 520.317 35.11 8.5 obtained
237.315 520.317 19.86 8.5 from
259.369 520.317 12.52 8.5 the
274.109 520.317 38.85 8.5 literature.
315.154 520.317 17.67 8.5 This
334.996 520.317 32.6 8.5 suggests
369.862 520.317 15.6 8.5 that
387.607 520.317 43.66 8.5 population
433.528 520.317 28.53 8.5 growth
464.256 520.317 7.97 8.5 of
474.403 520.317 25.85 8.5 GNP’s
502.466 520.317 19.86 8.5 most
524.52 520.317 38.24 8.5 abundant

200.012 533.299 38.51 8.5 herbivore
240.717 533.299 27.75 8.5 species
270.707 533.299 13.24 8.5 has
286.127 533.299 7.97 8.5 as
296.275 533.299 11.79 8.5 yet
310.222 533.299 19.04 8.5 been
331.482 533.299 46.91 8.5 unhindered
380.577 533.299 9.64 8.5 by
392.426 533.299 48.74 8.5 interspecific
443.393 533.299 50.97 8.5 competition,
496.627 533.299 41.17 8.5 predation,
540.053 533.299 27.59 8.5 poach-

200.012 546.282 15.07 8.5 ing,
217.246 546.282 8.81 8.5 or
228.244 546.282 30.21 8.5 disease,
260.673 546.282 15.12 8.5 and
277.964 546.282 14.8 8.5 was
294.972 546.282 47.07 8.5 constrained
344.294 546.282 17.58 8.5 only
364.023 546.282 9.64 8.5 by
375.872 546.282 48.84 8.5 intraspecific
426.952 546.282 28.8 8.5 density
457.963 546.282 47.85 8.5 dependence
508.022 546.282 33.81 8.5 (starting
544.079 546.282 8.18 8.5 in

200.012 559.321 29.16 8.5 around
231.362 559.321 24.68 8.5 2010).
258.235 559.321 10.37 8.5 By
270.764 559.321 34.66 8.5 contrast,
307.671 559.321 40.66 8.5 hartebeest
350.53 559.321 47.26 8.5 populations
400.08 559.321 18.41 8.5 have
420.659 559.321 13.56 8.5 not
436.419 559.321 25.76 8.5 grown
464.369 559.321 44.37 8.5 logistically,
510.97 559.321 13.35 8.5 but
526.504 559.321 46.66 8.5 nonetheless

200.012 572.304 26.87 8.5 exceed
229.095 572.304 31.51 8.5 pre-war
262.77 572.304 40.66 8.5 hartebeest
305.686 572.304 37 8.5 densities,
344.918 572.304 41.78 8.5 suggesting
388.911 572.304 15.6 8.5 that
406.713 572.304 14.55 8.5 this
423.437 572.304 27.75 8.5 species
453.427 572.304 23.77 8.5 might
479.392 572.304 18.41 8.5 have
500.029 572.304 19.04 8.5 been
521.232 572.304 47.07 8.5 constrained

200.012 585.287 9.64 8.5 by
211.804 585.287 34.23 8.5 extrinsic
248.257 585.287 26.82 8.5 factors
277.283 585.287 8.18 8.5 in
287.658 585.287 18.41 8.5 both
308.238 585.287 12.52 8.5 the
322.978 585.287 16.64 8.5 pre-
341.8 585.287 15.12 8.5 and
359.091 585.287 35.21 8.5 post-war
396.508 585.287 18.16 8.5 eras.

211.974 598.326 39.34 8.5 Predation
253.586 598.326 6.3 8.5 is
262.033 598.326 7.97 8.5 as
272.181 598.326 11.79 8.5 yet
286.184 598.326 32.1 8.5 unlikely
320.483 598.326 8.08 8.5 to
330.745 598.326 9.33 8.5 be
342.196 598.326 27.73 8.5 among
372.187 598.326 12.52 8.5 the
386.87 598.326 34.23 8.5 extrinsic
423.323 598.326 26.82 8.5 factors
452.35 598.326 50.35 8.5 constraining
504.961 598.326 26.83 8.5 overall
533.987 598.326 38.51 8.5 herbivore

200.012 611.308 36.54 8.5 recovery.
238.733 611.308 8.91 8.5 In
249.844 611.308 21.29 8.5 2016,
273.315 611.308 15.7 8.5 lion
291.23 611.308 34.75 8.5 densities
328.193 611.308 19.04 8.5 were
349.396 611.308 7.7 8.5 <
359.318 611.308 17.1 8.5 30%
378.593 611.308 7.97 8.5 of
388.741 611.308 21.18 8.5 those
412.098 611.308 15.6 8.5 that
429.9 611.308 22.33 8.5 could
454.448 611.308 49.18 8.5 theoretically
505.868 611.308 9.33 8.5 be
517.376 611.308 40.48 8.5 supported
560.066 611.308 9.64 8.5 by

200.012 624.291 12.52 8.5 the
214.695 624.291 34.44 8.5 available
251.375 624.291 17.68 8.5 prey
271.217 624.291 32.53 8.5 biomass
305.97 624.291 18.57 8.5 [39],
326.776 624.291 15.12 8.5 and
344.067 624.291 30.26 8.5 leopard
376.552 624.291 15.12 8.5 and
393.843 624.291 17.26 8.5 wild
413.289 624.291 15.01 8.5 dog
430.467 624.291 19.04 8.5 were
451.726 624.291 13.56 8.5 not
467.43 624.291 35.74 8.5 observed
505.414 624.291 18.89 8.5 until
526.504 624.291 21.29 8.5 2018.
549.975 624.291 15.64 8.5 The

200.012 637.274 48 8.5 degradation
250.241 637.274 7.97 8.5 of
260.389 637.274 12.52 8.5 the
275.072 637.274 60.86 8.5 large-carnivore
338.228 637.274 44.7 8.5 assemblage
385.169 637.274 17.09 8.5 may
404.445 637.274 9.33 8.5 be
415.953 637.274 14.81 8.5 one
432.905 637.274 23.22 8.5 factor
458.359 637.274 50.25 8.5 contributing
510.857 637.274 8.08 8.5 to
521.118 637.274 12.52 8.5 the
535.802 637.274 21.17 8.5 rapid

200.012 650.313 43.66 8.5 population
245.876 650.313 28.53 8.5 growth
276.66 650.313 7.97 8.5 of
286.808 650.313 75.6 8.5 small-to-mid-sized
364.703 650.313 40.55 8.5 ungulates,
407.45 650.313 24.3 8.5 which
433.982 650.313 18 8.5 tend
454.164 650.313 8.08 8.5 to
464.426 650.313 9.33 8.5 be
475.934 650.313 66.43 8.5 predator-limited
544.646 650.313 8.18 8.5 in

200.012 663.295 47.38 8.5 more-intact
249.617 663.295 30.15 8.5 African
281.989 663.295 44.29 8.5 ecosystems
328.534 663.295 18.57 8.5 [42].
349.283 663.295 31.09 8.5 Snaring
382.562 663.295 9.64 8.5 by
394.41 663.295 32.17 8.5 humans
428.766 663.295 38.13 8.5 remained
469.131 663.295 33.87 8.5 frequent
505.244 663.295 32.24 8.5 through
539.657 663.295 21.29 8.5 2014,

200.012 676.278 37.94 8.5 especially
240.15 676.278 8.18 8.5 in
250.525 676.278 12.52 8.5 the
265.208 676.278 33.13 8.5 outlying
300.584 676.278 19.82 8.5 parts
322.581 676.278 7.97 8.5 of
332.729 676.278 12.52 8.5 the
347.412 676.278 18.2 8.5 park
367.821 676.278 27.69 8.5 (which
397.755 676.278 17.09 8.5 may
417.031 676.278 23.22 8.5 partly
442.429 676.278 29 8.5 explain
473.666 676.278 12.52 8.5 the
488.35 676.278 22.99 8.5 much
513.521 676.278 22.33 8.5 lower
538.069 676.278 35.75 8.5 recorded

200.012 689.317 29.48 8.5 wildlife
231.703 689.317 34.75 8.5 densities
268.666 689.317 8.18 8.5 in
279.041 689.317 20.35 8.5 these
301.548 689.317 25.88 8.5 areas),
329.667 689.317 13.35 8.5 but
345.201 689.317 9.28 8.5 its
356.653 689.317 27.58 8.5 impact
386.473 689.317 10.58 8.5 on
399.229 689.317 29.48 8.5 wildlife
430.92 689.317 43.66 8.5 population
476.841 689.317 44.32 8.5 trajectories
523.386 689.317 13.24 8.5 has
538.806 689.317 13.56 8.5 not
554.51 689.317 19.04 8.5 been

200.012 702.3 33.65 8.5 formally
235.841 702.3 39.93 8.5 evaluated.
278.02 702.3 39.96 8.5 Following
320.2 702.3 4.37 8.5 a
326.776 702.3 36.57 8.5 complete
365.554 702.3 56.01 8.5 re-structuring
423.777 702.3 15.12 8.5 and
441.125 702.3 43.42 8.5 re-training
486.762 702.3 7.97 8.5 of
496.91 702.3 67.84 8.5 law-enforcement

428.882 40.4611 44.7434 7.39991 War-induced
475.256 40.4611 23.5197 7.39991 wildlife
500.428 40.4611 28.8716 7.39991 collapse
530.929 40.4611 13.1678 7.39991 and
545.782 40.4611 30.2956 7.39991 recovery

36 750.256 21.1997 7.39991 PLOS
58.8469 750.256 17.2398 7.39991 ONE
77.7819 750.256 2.07997 7.39991 |
81.5802 750.256 156.363 7.39991 https://doi.org/10.1371/journal.pone.0212864
245.876 750.256 21.9997 7.39991 March
269.573 750.256 10.9999 7.39991 13,
282.272 750.256 17.5438 7.39991 2019

552.81 750.256 8.79189 7.39991 13
563.241 750.256 2.24797 7.39991 /
567.209 750.256 8.79189 7.39991 18

200.012 77.886 39.45 8.5 personnel
241.681 77.886 8.18 8.5 in
251.999 77.886 12.52 8.5 the
266.739 77.886 20.87 8.5 Park,
289.756 77.886 47.16 8.5 preliminary
339.192 77.886 16.95 8.5 data
358.354 77.886 31.88 8.5 indicate
392.426 77.886 4.37 8.5 a
398.946 77.886 17.1 8.5 49%
418.278 77.886 28.6 8.5 decline
449.062 77.886 8.18 8.5 in
459.437 77.886 29.94 8.5 snaring
491.581 77.886 33.55 8.5 pressure
527.354 77.886 28.38 8.5 (snares
557.912 77.886 15.12 8.5 and

200.012 90.925 23.21 8.5 traps)
225.41 90.925 33.08 8.5 between
260.729 90.925 19.04 8.5 2016
281.932 90.925 15.12 8.5 and
299.223 90.925 19.04 8.5 2017
320.483 90.925 16.32 8.5 [39]
338.965 90.925 33.81 8.5 Between
374.965 90.925 19.04 8.5 2015
396.224 90.925 15.12 8.5 and
413.516 90.925 21.29 8.5 2016,
436.986 90.925 18.62 8.5 Park
457.793 90.925 29.74 8.5 rangers
489.767 90.925 44.98 8.5 confiscated
536.992 90.925 23.79 8.5 12363

200.012 103.907 24.99 8.5 snares
227.167 103.907 15.12 8.5 and
244.515 103.907 14.29 8.5 317
260.956 103.907 34.76 8.5 steel-jaw
297.92 103.907 19.82 8.5 traps
319.973 103.907 19.86 8.5 from
342.026 103.907 12.52 8.5 the
356.71 103.907 24.57 8.5 across
383.469 103.907 12.52 8.5 the
398.209 103.907 18.62 8.5 Park
419.015 103.907 16.32 8.5 [39]

211.974 116.89 9.85 8.5 At
224.049 116.89 31.68 8.5 present,
257.895 116.89 11.1 8.5 we
271.217 116.89 12.31 8.5 are
285.674 116.89 26.87 8.5 unable
314.757 116.89 8.08 8.5 to
325.019 116.89 29 8.5 explain
356.199 116.89 16.68 8.5 why
375.078 116.89 41.64 8.5 waterbuck
418.958 116.89 18.41 8.5 have
439.538 116.89 34.53 8.5 emerged
476.274 116.89 7.97 8.5 as
486.422 116.89 12.52 8.5 the
501.106 116.89 64.33 8.5 overwhelmingly

200.012 129.873 39.48 8.5 dominant
241.681 129.873 35.21 8.5 post-war
279.154 129.873 30 8.5 species.
311.356 129.873 17.21 8.5 One
330.745 129.873 21.35 8.5 likely
354.272 129.873 40.48 8.5 possibility
397.018 129.873 6.3 8.5 is
405.522 129.873 15.6 8.5 that
423.267 129.873 41.64 8.5 waterbuck
467.147 129.873 33.86 8.5 survived
503.26 129.873 12.52 8.5 the
517.943 129.873 14.91 8.5 war
535.008 129.873 8.18 8.5 in
545.383 129.873 18.27 8.5 rela-

200.012 142.912 21.45 8.5 tively
223.652 142.912 25.82 8.5 higher
251.658 142.912 35.57 8.5 numbers
289.472 142.912 17.07 8.5 (i.e.,
308.748 142.912 27.87 8.5 greater
338.795 142.912 7.39 8.5 N
346.167 146.791 3.59245 5.66601 0
349.738 142.913 5.68 8.5 );
357.561 142.913 35.32 8.5 although
395.092 142.913 14.55 8.5 this
411.873 142.913 6.3 8.5 is
420.32 142.913 13.56 8.5 not
436.08 142.913 29.43 8.5 evident
467.715 142.913 8.18 8.5 in
478.089 142.913 12.52 8.5 the
492.773 142.913 15.86 8.5 first
510.801 142.913 35.21 8.5 post-war
548.275 142.913 25.93 8.5 survey

200.013 155.895 8.18 8.5 in
210.332 155.895 21.29 8.5 1994,
233.859 155.895 5.68 8.5 it
241.682 155.895 6.3 8.5 is
250.186 155.895 40.34 8.5 consistent
292.762 155.895 17.78 8.5 with
312.718 155.895 12.52 8.5 the
327.402 155.895 25.82 8.5 higher
355.407 155.895 35.57 8.5 numbers
393.221 155.895 7.97 8.5 of
403.369 155.895 41.64 8.5 waterbuck
447.249 155.895 29.18 8.5 relative
478.6 155.895 8.08 8.5 to
488.861 155.895 21.29 8.5 other
512.332 155.895 27.75 8.5 species
542.322 155.895 19.86 8.5 from

200.013 168.878 43.2 8.5 1997–2001
245.424 168.878 19.6 8.5 (Figs
267.251 168.878 7.04 8.5 3,
276.435 168.878 4.79 8.5 5
283.408 168.878 15.12 8.5 and
300.699 168.878 7.04 8.5 6;
309.94 168.878 24.2 8.5 S2–S4
336.302 168.878 31.46 8.5 Tables).
369.977 168.878 44.45 8.5 Waterbuck
416.691 168.878 17.09 8.5 may
435.967 168.878 18.41 8.5 have
456.546 168.878 33.86 8.5 survived
492.603 168.878 8.18 8.5 in
502.977 168.878 23.12 8.5 larger
528.319 168.878 35.57 8.5 numbers

200.013 181.917 30.99 8.5 because
233.179 181.917 17.06 8.5 they
252.454 181.917 14.08 8.5 can
268.725 181.917 22.54 8.5 occur
293.443 181.917 45.14 8.5 year-round
340.781 181.917 8.18 8.5 in
351.155 181.917 40.85 8.5 floodplain
394.241 181.917 43.31 8.5 grasslands,
439.822 181.917 24.3 8.5 which
466.297 181.917 6.3 8.5 is
474.801 181.917 28.01 8.5 unique
505.018 181.917 27.73 8.5 among
534.952 181.917 20.11 8.5 GNP

200.013 194.9 34.7 8.5 ungulate
236.92 194.9 27.75 8.5 species
266.854 194.9 18.57 8.5 [29].
287.66 194.9 17.67 8.5 This
307.503 194.9 27.65 8.5 habitat
337.38 194.9 6.3 8.5 is
345.883 194.9 46.81 8.5 inaccessible
394.921 194.9 9.64 8.5 by
406.714 194.9 32.17 8.5 humans
441.126 194.9 11.68 8.5 for
454.959 194.9 22.99 8.5 much
480.187 194.9 7.97 8.5 of
490.335 194.9 12.52 8.5 the
505.018 194.9 19.1 8.5 year,
526.278 194.9 23.12 8.5 direct

200.013 207.882 37.29 8.5 approach
239.528 207.882 6.3 8.5 is
247.975 207.882 25.25 8.5 visible
275.471 207.882 19.86 8.5 from
297.525 207.882 4.37 8.5 a
304.044 207.882 19.93 8.5 great
326.211 207.882 35.07 8.5 distance,
363.457 207.882 15.12 8.5 and
380.805 207.882 20.46 8.5 there
403.425 207.882 12.31 8.5 are
417.939 207.882 40.85 8.5 few-if-any
461.025 207.882 18.79 8.5 trees
482.001 207.882 8.81 8.5 or
492.943 207.882 21.29 8.5 other
516.414 207.882 28.6 8.5 natural
547.254 207.882 14.97 8.5 fea-

200.013 220.921 19.83 8.5 tures
222.01 220.921 17.78 8.5 with
241.966 220.921 24.3 8.5 which
268.498 220.921 8.08 8.5 to
278.759 220.921 10.85 8.5 set
291.799 220.921 27.24 8.5 snares.
321.222 220.921 22.53 8.5 Thus,
345.94 220.921 4.37 8.5 a
352.515 220.921 51.22 8.5 combination
405.977 220.921 7.97 8.5 of
416.124 220.921 25.82 8.5 higher
444.131 220.921 31.57 8.5 residual
477.919 220.921 43.66 8.5 population
523.84 220.921 35.57 8.5 numbers

200.013 233.904 15.12 8.5 and
217.305 233.904 27.87 8.5 greater
247.352 233.904 51.09 8.5 reproductive
300.699 233.904 15.29 8.5 rate
318.161 233.904 22.33 8.5 could
342.709 233.904 29 8.5 explain
373.945 233.904 12.52 8.5 the
388.629 233.904 22.99 8.5 much
413.8 233.904 27.87 8.5 greater
443.847 233.904 43.72 8.5 abundance
489.825 233.904 15.12 8.5 and
507.116 233.904 32.53 8.5 biomass
541.869 233.904 7.97 8.5 of

200.013 246.887 41.64 8.5 waterbuck
243.837 246.887 29.18 8.5 relative
275.244 246.887 8.08 8.5 to
285.506 246.887 12.52 8.5 the
300.189 246.887 31.51 8.5 pre-war
333.921 246.887 39.48 8.5 dominant
375.646 246.887 30 8.5 species,
407.847 246.887 30.21 8.5 buffalo,
440.276 246.887 23.35 8.5 hippo
465.844 246.887 15.12 8.5 and
483.135 246.887 36.43 8.5 elephant.

211.976 259.926 15.64 8.5 The
229.834 259.926 46.68 8.5 asymmetric
278.759 259.926 35.21 8.5 post-war
316.177 259.926 43.37 8.5 resurgence
361.756 259.926 7.97 8.5 of
371.904 259.926 34.34 8.5 different
408.471 259.926 27.75 8.5 species
438.461 259.926 22.17 8.5 raises
462.839 259.926 12.52 8.5 the
477.523 259.926 34.17 8.5 prospect
513.919 259.926 7.97 8.5 of
524.067 259.926 4.37 8.5 a
530.587 259.926 38.67 8.5 persistent

200.013 272.909 41.97 8.5 alternative
244.177 272.909 46.62 8.5 community
293.046 272.909 36.02 8.5 structure
331.313 272.909 8.18 8.5 in
341.631 272.909 24.3 8.5 which
368.163 272.909 12.52 8.5 the
382.846 272.909 19.86 8.5 most
404.899 272.909 28.17 8.5 rapidly
435.287 272.909 42.53 8.5 recovering
480.017 272.909 27.75 8.5 species
510.007 272.909 53.95 8.5 competitively

200.013 285.891 34.37 8.5 suppress
236.58 285.891 21.29 8.5 other
260.108 285.891 49.51 8.5 populations.
311.868 285.891 27.4 8.5 Recent
341.461 285.891 31.04 8.5 analysis
374.682 285.891 7.97 8.5 of
384.83 285.891 38.51 8.5 herbivore
425.592 285.891 15.18 8.5 diet
442.94 285.891 50.17 8.5 composition
495.381 285.891 8.18 8.5 in
505.755 285.891 20.11 8.5 GNP
528.036 285.891 30.3 8.5 showed

200.013 298.874 15.6 8.5 that
217.758 298.874 41.64 8.5 waterbuck
261.638 298.874 18.41 8.5 have
282.218 298.874 9.85 8.5 an
294.293 298.874 39.24 8.5 extremely
335.735 298.874 23.47 8.5 broad
361.416 298.874 27.76 8.5 dietary
391.35 298.874 21.91 8.5 niche
415.444 298.874 15.6 8.5 that
433.246 298.874 33.13 8.5 overlaps
468.622 298.874 49.79 8.5 substantially
520.666 298.874 17.78 8.5 with
540.621 298.874 21.18 8.5 those

200.013 311.913 7.97 8.5 of
210.161 311.913 26.65 8.5 almost
239.018 311.913 9.29 8.5 all
250.47 311.913 21.29 8.5 other
273.941 311.913 38.3 8.5 ungulates
314.476 311.913 16.32 8.5 [43]
333.014 311.913 40.43 8.5 indicating
375.646 311.913 12.52 8.5 the
390.329 311.913 35.38 8.5 potential
427.973 311.913 11.68 8.5 for
441.806 311.913 18.41 8.5 such
462.442 311.913 50.97 8.5 competition,
515.62 311.913 35.32 8.5 although
553.207 311.913 12.52 8.5 the

200.013 324.896 36.32 8.5 existence
238.564 324.896 7.97 8.5 of
248.712 324.896 46.95 8.5 competitive
297.865 324.896 25.05 8.5 effects
325.134 324.896 13.24 8.5 has
340.554 324.896 13.56 8.5 not
356.314 324.896 11.79 8.5 yet
370.26 324.896 19.04 8.5 been
391.52 324.896 57.61 8.5 demonstrated.
451.387 324.896 20.28 8.5 Thus
473.838 324.896 5.68 8.5 it
481.718 324.896 32.23 8.5 remains
516.13 324.896 8.08 8.5 to
526.392 324.896 9.33 8.5 be
537.9 324.896 17.58 8.5 seen

200.013 337.878 32.56 8.5 whether
234.766 337.878 12.52 8.5 the
249.449 337.878 29.65 8.5 current
281.311 337.878 46.62 8.5 community
330.18 337.878 6.3 8.5 is
338.627 337.878 4.37 8.5 a
345.203 337.878 35.49 8.5 transient
382.903 337.878 16.01 8.5 step
401.101 337.878 9.75 8.5 en
413.006 337.878 21.29 8.5 route
436.477 337.878 8.08 8.5 to
446.738 337.878 42.14 8.5 something
491.129 337.878 44.29 8.5 resembling
537.673 337.878 12.52 8.5 the
552.357 337.878 16.64 8.5 pre-

200.013 350.917 14.91 8.5 war
217.078 350.917 35.32 8.5 state—as
254.608 350.917 35.75 8.5 occurred
292.592 350.917 37.56 8.5 following
332.391 350.917 12.52 8.5 the
347.074 350.917 32.72 8.5 creation
381.996 350.917 7.97 8.5 of
392.144 350.917 31.09 8.5 Kenya’s
425.479 350.917 18.93 8.5 Lake
446.568 350.917 30.93 8.5 Nakuru
479.734 350.917 34.69 8.5 National
516.64 350.917 20.87 8.5 Park,
539.714 350.917 24.31 8.5 where

200.013 363.9 21.17 8.5 rapid
223.371 363.9 28.53 8.5 growth
254.098 363.9 7.97 8.5 of
264.246 363.9 41.64 8.5 waterbuck
308.126 363.9 15.12 8.5 and
325.417 363.9 32.86 8.5 warthog
360.509 363.9 47.26 8.5 populations
410.002 363.9 19.86 8.5 from
432.055 363.9 43.2 8.5 1970–1980
477.466 363.9 14.8 8.5 was
494.474 363.9 17.75 8.5 later
514.429 363.9 33.56 8.5 reversed
550.202 363.9 7.97 8.5 as

200.013 376.883 23.74 8.5 zebra,
225.922 376.883 30.21 8.5 buffalo,
258.35 376.883 15.12 8.5 and
275.698 376.883 21.29 8.5 other
299.169 376.883 27.75 8.5 species
329.102 376.883 37.78 8.5 increased
369.126 376.883 34.32 8.5 [27]—or
405.636 376.883 24.27 8.5 rather
432.112 376.883 9.85 8.5 an
444.131 376.883 41.97 8.5 alternative
488.351 376.883 18.16 8.5 state
508.703 376.883 15.6 8.5 that
526.448 376.883 14.45 8.5 will
543.116 376.883 25.98 8.5 persist

200.013 389.922 8.18 8.5 in
210.332 389.922 12.52 8.5 the
225.072 389.922 31.2 8.5 absence
258.463 389.922 7.97 8.5 of
268.611 389.922 23.01 8.5 active
293.84 389.922 51.78 8.5 intervention.

200.012 417.204 71.6754 11.0999 Conclusions
274.279 417.204 21.2806 11.0999 and
298.147 417.204 33.7737 11.0999 future
334.486 417.204 56.9791 11.0999 directions

200.012 436.072 16.48 8.5 Our
218.663 436.072 21.7 8.5 study
242.531 436.072 53.69 8.5 demonstrates
298.486 436.072 12.52 8.5 the
313.17 436.072 26.93 8.5 crucial
342.31 436.072 15.5 8.5 role
359.998 436.072 7.97 8.5 of
370.146 436.072 28.39 8.5 regular
400.76 436.072 29.48 8.5 wildlife
432.451 436.072 34.28 8.5 censuses
468.961 436.072 11.68 8.5 for
482.794 436.072 45.95 8.5 monitoring
530.983 436.072 12.52 8.5 the
545.666 436.072 19.41 8.5 reas-

200.012 449.111 28.11 8.5 sembly
230.342 449.111 7.97 8.5 of
240.49 449.111 55.45 8.5 war-impacted
298.203 449.111 30.15 8.5 African
330.518 449.111 46.54 8.5 ecosystems.
379.33 449.111 26.77 8.5 Future
408.3 449.111 38.02 8.5 modeling
448.552 449.111 15.12 8.5 and
465.843 449.111 37.66 8.5 empirical
505.754 449.111 20.6 8.5 work
528.545 449.111 26.97 8.5 should

200.012 462.093 46.65 8.5 incorporate
248.88 462.093 14.08 8.5 our
265.151 462.093 33.06 8.5 growing
300.414 462.093 58.44 8.5 understanding
361.132 462.093 7.97 8.5 of
371.28 462.093 34.7 8.5 ungulate
408.187 462.093 15.18 8.5 diet
425.534 462.093 50.17 8.5 composition
477.975 462.093 16.32 8.5 [43]
496.514 462.093 15.12 8.5 and
513.805 462.093 41.17 8.5 vegetation

200.012 475.076 38.33 8.5 dynamics
240.547 475.076 16.32 8.5 [21]
259.028 475.076 8.18 8.5 in
269.346 475.076 20.11 8.5 GNP
291.627 475.076 8.08 8.5 to
301.831 475.076 51.91 8.5 parameterize
355.973 475.076 49.3 8.5 multispecies
407.506 475.076 28.84 8.5 models
438.517 475.076 15.6 8.5 that
456.262 475.076 23.77 8.5 might
482.17 475.076 17.16 8.5 help
501.503 475.076 8.08 8.5 to
511.707 475.076 31.05 8.5 forecast
544.929 475.076 30.98 8.5 popula-

200.012 488.115 16.22 8.5 tion
218.38 488.115 44.32 8.5 trajectories
264.924 488.115 7.97 8.5 as
275.016 488.115 61.38 8.5 large-herbivore
338.625 488.115 35.57 8.5 numbers
376.382 488.115 35.43 8.5 continue
414.026 488.115 8.08 8.5 to
424.231 488.115 32.51 8.5 increase
458.926 488.115 15.12 8.5 and
476.218 488.115 48.74 8.5 interspecific
527.184 488.115 48.72 8.5 competition

200.012 501.098 42.74 8.5 intensifies.
244.969 501.098 8.91 8.5 In
256.08 501.098 36 8.5 addition,
294.291 501.098 20.46 8.5 there
316.968 501.098 6.3 8.5 is
325.415 501.098 4.37 8.5 a
331.992 501.098 19.25 8.5 need
353.422 501.098 8.08 8.5 to
363.626 501.098 29.53 8.5 explore
395.374 501.098 12.52 8.5 the
410.114 501.098 27.58 8.5 impact
439.878 501.098 7.97 8.5 of
450.026 501.098 38.92 8.5 predation
491.184 501.098 10.58 8.5 on
503.94 501.098 43.66 8.5 population
549.861 501.098 25.58 8.5 trajec-

200.012 514.08 24.53 8.5 tories,
226.714 514.08 25.99 8.5 ideally
254.947 514.08 37.5 8.5 informed
294.631 514.08 9.64 8.5 by
306.48 514.08 23.23 8.5 better
331.878 514.08 16.95 8.5 data
351.04 514.08 10.58 8.5 on
363.796 514.08 12.52 8.5 the
378.48 514.08 47.43 8.5 distribution
428.142 514.08 15.12 8.5 and
445.49 514.08 34.65 8.5 intensity
482.34 514.08 7.97 8.5 of
492.488 514.08 28.57 8.5 human
523.272 514.08 31.82 8.5 hunting

200.012 527.12 33.55 8.5 pressure
235.785 527.12 8.18 8.5 in
246.103 527.12 20.11 8.5 GNP
268.439 527.12 15.12 8.5 and
285.731 527.12 9.64 8.5 by
297.523 527.12 32.61 8.5 analyses
332.389 527.12 7.97 8.5 of
342.537 527.12 18.41 8.5 both
363.116 527.12 12.52 8.5 the
377.799 527.12 51.43 8.5 consumptive
431.487 527.12 15.12 8.5 and
448.835 527.12 70.95 8.5 non-consumptive
522.025 527.12 25.05 8.5 effects
549.294 527.12 7.97 8.5 of
559.442 527.12 15.81 8.5 car-

200.012 540.102 29.32 8.5 nivores
231.533 540.102 42.07 8.5 [42,44,45].
275.809 540.102 15.64 8.5 The
293.668 540.102 46.06 8.5 importance
341.97 540.102 7.97 8.5 of
352.118 540.102 18.4 8.5 apex
372.697 540.102 38.09 8.5 predators
413.005 540.102 8.18 8.5 in
423.38 540.102 40.48 8.5 governing
466.07 540.102 17.68 8.5 prey
485.969 540.102 47.26 8.5 populations
535.461 540.102 15.12 8.5 and
552.753 540.102 16.53 8.5 spe-

200.012 553.085 14.76 8.5 cies
216.963 553.085 45.61 8.5 coexistence
264.811 553.085 8.18 8.5 in
275.129 553.085 28.28 8.5 diverse
305.63 553.085 44.29 8.5 ecosystems
352.174 553.085 42.36 8.5 worldwide
396.735 553.085 28.07 8.5 [23,46]
427.065 553.085 34.27 8.5 provides
463.519 553.085 33.07 8.5 grounds
498.838 553.085 8.08 8.5 to
509.099 553.085 47.16 8.5 hypothesize
558.479 553.085 15.6 8.5 that

200.012 566.124 63.04 8.5 reestablishment
265.321 566.124 7.97 8.5 of
275.469 566.124 12.52 8.5 the
290.153 566.124 60.86 8.5 large-carnivore
353.251 566.124 46.62 8.5 community
402.12 566.124 17.09 8.5 may
421.396 566.124 9.33 8.5 be
432.905 566.124 9.85 8.5 an
444.923 566.124 33.61 8.5 essential
480.753 566.124 16.01 8.5 step
498.951 566.124 8.18 8.5 in
509.326 566.124 12.52 8.5 the
524.009 566.124 43.98 8.5 continuing

200.012 579.107 39.4 8.5 ecological
241.624 579.107 53.91 8.5 rehabilitation
297.806 579.107 7.97 8.5 of
307.954 579.107 12.52 8.5 the
322.637 579.107 44.12 8.5 Gorongosa
369.012 579.107 42.94 8.5 ecosystem.

200.012 606.389 63.8311 11.0999 Supporting
266.455 606.389 65.6755 11.0999 information

200.012 625.313 9.96 8.5 S1
212.144 625.313 43.51 8.5 Appendix.
257.838 625.313 47.19 8.5 Converting
307.331 625.313 15.53 8.5 raw
325.019 625.313 23.88 8.5 count
351.097 625.313 18.19 8.5 data
371.506 625.313 17.04 8.5 into
390.725 625.313 48.97 8.5 comparable
441.975 625.313 31.15 8.5 figures.

200.012 638.295 34.77 8.5 (DOCX)

200.012 657.287 9.96 8.5 S2
212.144 657.287 43.51 8.5 Appendix.
257.838 657.287 55.44 8.5 Construction
315.551 657.287 8.49 8.5 of
326.266 657.287 13.24 8.5 the
341.686 657.287 76.16 8.5 logistic-regression
420.149 657.287 28.63 8.5 model.

200.012 670.326 34.77 8.5 (DOCX)

200.012 689.318 9.96 8.5 S1
212.144 689.318 15.7 8.5 Fig.
230.002 689.318 45.93 8.5 Estimation
278.191 689.318 8.49 8.5 of
288.905 689.318 19.39 8.5 total
310.505 689.318 64.16 8.5 large-herbivore
376.949 689.318 34.89 8.5 carrying
414.083 689.318 34.16 8.5 capacity
450.479 689.318 10.27 8.5 (K
460.687 693.323 8.41039 6.15929 tot
469.077 689.319 6 8.5 ).
477.24 689.319 19.03 8.5 Data
498.443 689.319 12.31 8.5 are
512.957 689.319 19.86 8.5 from
535.01 689.319 18.57 8.5 [38].
555.759 689.319 17.79 8.5 Blue

200.015 702.301 18.47 8.5 lines
220.651 702.301 20.8 8.5 show
243.668 702.301 9.54 8.5 90

253.19 700.113 6.20767 5.66602 th
261.524 702.302 15.12 8.5 and
278.871 702.302 9.54 8.5 10

288.34 700.113 6.20767 5.66602 th
296.731 702.302 32.51 8.5 quantile
331.483 702.302 40.96 8.5 regression
374.683 702.302 20.72 8.5 lines,
397.587 702.302 18.41 8.5 used
418.166 702.302 7.97 8.5 as
428.314 702.302 36.83 8.5 estimates
467.375 702.302 7.97 8.5 of
477.523 702.302 23.57 8.5 upper
503.318 702.302 15.12 8.5 and
520.609 702.302 22.33 8.5 lower

428.882 40.4611 44.7434 7.39991 War-induced
475.256 40.4611 23.5197 7.39991 wildlife
500.428 40.4611 28.8716 7.39991 collapse
530.929 40.4611 13.1678 7.39991 and
545.782 40.4611 30.2956 7.39991 recovery

36 750.256 21.1997 7.39991 PLOS
58.8469 750.256 17.2398 7.39991 ONE
77.7819 750.256 2.07997 7.39991 |
81.5802 750.256 156.363 7.39991 https://doi.org/10.1371/journal.pone.0212864
245.876 750.256 21.9997 7.39991 March
269.573 750.256 10.9999 7.39991 13,
282.272 750.256 17.5438 7.39991 2019

552.81 750.256 8.79189 7.39991 14
563.241 750.256 2.24797 7.39991 /
567.209 750.256 8.79189 7.39991 18

200.012 77.886 35.27 8.5 plausible
237.485 77.886 36.83 8.5 estimates
276.546 77.886 7.97 8.5 of
286.694 78.076 6.53 9.24 K
293.216 81.9475 8.05039 6.15929 tot
301.209 77.886 2.29 8.5 ,
305.687 77.886 48.86 8.5 respectively;
356.767 77.886 13.25 8.5 red
372.188 77.886 14.87 8.5 line
389.252 77.886 24.4 8.5 shows
415.841 77.886 34.8 8.5 ordinary
452.861 77.886 17.64 8.5 least
472.703 77.886 29.84 8.5 squares
504.735 77.886 43.21 8.5 regression.
550.202 77.886 19.55 8.5 Thin

200.013 90.925 17.26 8.5 gray
219.459 90.925 18.47 8.5 lines
240.095 90.925 20.8 8.5 show
263.112 90.925 36.83 8.5 estimates
302.172 90.925 7.97 8.5 of
312.32 90.925 22.26 8.5 mean
336.755 90.925 27.39 8.5 annual
366.348 90.925 51.34 8.5 precipitation
419.979 90.925 35.96 8.5 (vertical)
458.19 90.925 15.12 8.5 and
475.481 90.925 32.53 8.5 biomass
510.234 90.925 28.8 8.5 density
541.245 90.925 23.63 8.5 (hori-

200.013 103.907 27.86 8.5 zontal)
230.06 103.907 8.18 8.5 in
240.435 103.907 44.12 8.5 Gorongosa
286.81 103.907 11.68 8.5 for
300.643 103.907 12.52 8.5 the
315.325 103.907 17.89 8.5 nine
335.451 103.907 19.41 8.5 large
357.051 103.907 38.51 8.5 herbivore
397.756 103.907 27.75 8.5 species
427.746 103.907 35.43 8.5 surveyed
465.39 103.907 19.86 8.5 from
487.444 103.907 43.2 8.5 1969–1972
532.854 103.907 18.57 8.5 [29].

200.013 116.89 34.77 8.5 (DOCX)

200.013 135.882 9.96 8.5 S2
212.145 135.882 15.7 8.5 Fig.
230.004 135.882 28.79 8.5 Spatial
261.014 135.882 30.87 8.5 pattern
294.123 135.882 8.49 8.5 of
304.78 135.882 43.29 8.5 waterbuck
350.304 135.882 37.55 8.5 sightings
390.102 135.882 23.57 8.5 based
415.898 135.882 10.78 8.5 on
428.823 135.882 35.05 8.5 spatially
466.127 135.882 43.34 8.5 equivalent
511.708 135.882 22.69 8.5 flight
536.653 135.882 19.4 8.5 lines
558.253 135.882 8.49 8.5 in

200.013 148.921 42.1 8.5 helicopter
244.347 148.921 30.77 8.5 surveys
277.342 148.921 8.49 8.5 of
288 148.921 13.24 8.5 the
303.42 148.921 16.11 8.5 Rift
321.731 148.921 26.23 8.5 Valley
350.191 148.921 31.7 8.5 portion
384.093 148.921 8.49 8.5 of
394.751 148.921 45.67 8.5 Gorongosa
442.713 148.921 20.9 8.5 from
465.787 148.921 19.88 8.5 2001
487.84 148.921 8.59 8.5 to
498.612 148.921 22.34 8.5 2016.
523.16 148.921 14.08 8.5 For
539.431 148.921 19.04 8.5 2014
560.634 148.921 15.12 8.5 and

200.013 161.904 21.29 8.5 2016,
223.484 161.904 17.58 8.5 only
243.27 161.904 16.95 8.5 data
262.375 161.904 19.86 8.5 from
284.429 161.904 12.52 8.5 the
299.112 161.904 20.38 8.5 same
321.731 161.904 28 8.5 sample
351.948 161.904 18.47 8.5 lines
372.584 161.904 7.97 8.5 as
382.732 161.904 18.41 8.5 used
403.368 161.904 8.18 8.5 in
413.687 161.904 25.37 8.5 earlier
441.296 161.904 26.66 8.5 counts
470.152 161.904 12.31 8.5 are
484.609 161.904 37.16 8.5 included,
524.01 161.904 15.12 8.5 and
541.301 161.904 9.29 8.5 all
552.753 161.904 20.45 8.5 years

200.013 174.886 12.31 8.5 are
214.47 174.886 29.21 8.5 clipped
245.934 174.886 8.08 8.5 to
256.196 174.886 20.8 8.5 show
279.156 174.886 17.58 8.5 only
298.942 174.886 12.52 8.5 the
313.624 174.886 25.56 8.5 spatial
341.404 174.886 24.58 8.5 extent
368.162 174.886 7.97 8.5 of
378.31 174.886 12.52 8.5 the
393.05 174.886 41.33 8.5 2014/2016
436.59 174.886 20.1 8.5 ‘total
458.87 174.886 31.05 8.5 counts.’
492.149 174.886 6.87 8.5 A
501.163 174.886 31.97 8.5 sighting
535.349 174.886 31.25 8.5 consists

200.013 187.926 7.97 8.5 of
210.161 187.926 4.37 8.5 a
216.681 187.926 23.11 8.5 single
242.022 187.926 30.95 8.5 discrete
275.188 187.926 46.75 8.5 observation
324.169 187.926 7.97 8.5 of
334.317 187.926 14.81 8.5 one
351.268 187.926 8.81 8.5 or
362.266 187.926 21.22 8.5 more
385.68 187.926 33.33 8.5 animals.
421.227 187.926 19.66 8.5 Note
443.11 187.926 12.52 8.5 the
457.793 187.926 41.93 8.5 expanding
501.957 187.926 21.71 8.5 trend
525.881 187.926 37.09 8.5 outwards

200.013 200.908 19.86 8.5 from
222.067 200.908 12.52 8.5 the
236.75 200.908 17.27 8.5 core
256.196 200.908 47.43 8.5 distribution
305.914 200.908 16.64 8.5 area
324.736 200.908 15.6 8.5 that
342.481 200.908 14.8 8.5 was
359.488 200.908 38.04 8.5 originally
399.74 200.908 34.4 8.5 centered
436.364 200.908 22.54 8.5 north
461.082 200.908 7.97 8.5 of
471.229 200.908 18.93 8.5 Lake
492.376 200.908 30.09 8.5 Urema.

200.013 213.891 34.77 8.5 (DOCX)

200.013 232.883 9.96 8.5 S1
212.145 232.883 25.92 8.5 Table.
240.265 232.883 34.17 8.5 Wildlife
276.662 232.883 53.25 8.5 introduction
332.163 232.883 15.74 8.5 and
350.077 232.883 59.09 8.5 translocations
411.476 232.883 17.04 8.5 into
430.751 232.883 23.1 8.5 GNP.
456.036 232.883 22.22 8.5 Table
480.414 232.883 33.24 8.5 includes
515.903 232.883 35.57 8.5 numbers
553.66 232.883 7.97 8.5 of

200.013 245.922 46.49 8.5 individuals,
248.769 245.922 22.7 8.5 years,
273.657 245.922 15.12 8.5 and
290.948 245.922 34.71 8.5 localities
327.854 245.922 7.97 8.5 of
338.002 245.922 24.25 8.5 origin
364.477 245.922 11.68 8.5 for
378.367 245.922 18.1 8.5 each
398.663 245.922 7.97 8.5 of
408.811 245.922 22.12 8.5 seven
433.075 245.922 29.48 8.5 wildlife
464.823 245.922 27.75 8.5 species
494.757 245.922 44.2 8.5 introduced
541.188 245.922 16.22 8.5 into
559.613 245.922 12.52 8.5 the

200.013 258.905 18.2 8.5 park
220.366 258.905 33.08 8.5 between
255.685 258.905 43.2 8.5 2007–2018
301.096 258.905 31.25 8.5 (precise
334.544 258.905 12.51 8.5 sex
349.284 258.905 22.38 8.5 ratios
373.832 258.905 11.68 8.5 for
387.721 258.905 18.1 8.5 each
408.017 258.905 23.88 8.5 group
434.096 258.905 12.31 8.5 are
448.552 258.905 13.56 8.5 not
464.313 258.905 33.49 8.5 known).
500.029 258.905 19.98 8.5 Only
522.196 258.905 34.18 8.5 elephant

200.013 271.887 18.89 8.5 bulls
221.103 271.887 19.04 8.5 were
242.306 271.887 48.7 8.5 translocated
293.216 271.887 8.18 8.5 in
303.59 271.887 21.29 8.5 2008.
327.06 271.887 33.9 8.5 Coutada
363.173 271.887 4.79 8.5 9
370.147 271.887 6.3 8.5 is
378.651 271.887 4.37 8.5 a
385.17 271.887 31.82 8.5 hunting
419.186 271.887 43.67 8.5 concession
465.107 271.887 50.864 8.5 located~180
518.171 271.887 13.18 8.5 km
533.535 271.887 40.18 8.5 northwest

200.013 284.87 7.97 8.5 of
210.161 284.87 22.36 8.5 GNP.

200.013 297.909 34.77 8.5 (DOCX)

200.013 316.901 9.96 8.5 S2
212.145 316.901 25.92 8.5 Table.
240.265 316.901 42.13 8.5 Estimated
284.655 316.901 42.35 8.5 numerical
329.215 316.901 36.51 8.5 densities
367.992 316.901 50.03 8.5 (individuals
420.263 316.901 13.49 8.5 km

433.757 314.715 6.28267 5.66602 -2

439.994 316.903 3.54 8.5 )
445.719 316.903 8.49 8.5 of
456.378 316.903 10.22 8.5 all
468.793 316.903 32.74 8.5 animals
503.773 316.903 33.69 8.5 counted
539.659 316.903 28.32 8.5 during

200.015 329.885 23.31 8.5 aerial
225.527 329.885 30.77 8.5 surveys
258.522 329.885 8.49 8.5 of
269.18 329.885 23.1 8.5 GNP.
294.465 329.885 36.06 8.5 Rrecords
332.732 329.885 12.31 8.5 are
347.245 329.885 28.48 8.5 limited
377.916 329.885 8.08 8.5 to
388.178 329.885 14.76 8.5 Rift
405.129 329.885 24.99 8.5 Valley
432.341 329.885 27.65 8.5 habitat
462.16 329.885 25.92 8.5 within
490.336 329.885 12.52 8.5 the
505.02 329.885 43.2 8.5 2014–2016
550.431 329.885 23.06 8.5 count

200.015 342.924 24.06 8.5 block.
226.264 342.924 19.66 8.5 Grey
248.09 342.924 17.02 8.5 cells
267.309 342.924 12.31 8.5 are
281.822 342.924 20.45 8.5 years
304.443 342.924 8.18 8.5 in
314.817 342.924 24.3 8.5 which
341.293 342.924 4.37 8.5 a
347.869 342.924 21.59 8.5 given
371.623 342.924 27.75 8.5 species
401.614 342.924 14.8 8.5 was
418.565 342.924 13.56 8.5 not
434.325 342.924 37.68 8.5 surveyed.
474.236 342.924 23.47 8.5 These
499.918 342.924 12.31 8.5 are
514.374 342.924 12.52 8.5 the
529.058 342.924 24.47 8.5 values
555.76 342.924 18.41 8.5 used

200.015 355.907 8.18 8.5 in
210.333 355.907 14.08 8.5 our
226.604 355.907 32.33 8.5 primary
261.186 355.907 32.61 8.5 analyses
295.995 355.907 8.18 8.5 in
306.37 355.907 12.52 8.5 the
321.054 355.907 20.69 8.5 main
343.957 355.907 17.12 8.5 text.
363.233 355.907 37.44 8.5 Numbers
402.918 355.907 14.08 8.5 can
419.188 355.907 9.33 8.5 be
430.697 355.907 39.77 8.5 converted
472.648 355.907 16.22 8.5 into
491.073 355.907 32.53 8.5 biomass
525.826 355.907 9.64 8.5 by
537.675 355.907 37.25 8.5 multiply-

200.015 368.89 12.82 8.5 ing
215.038 368.89 9.64 8.5 by
226.83 368.89 12.52 8.5 the
241.514 368.89 60.89 8.5 species-specific
304.726 368.89 19.97 8.5 body
326.893 368.89 19.75 8.5 mass
348.833 368.89 36.83 8.5 estimates
387.894 368.89 26.28 8.5 shown
416.354 368.89 8.18 8.5 in
426.728 368.89 12.52 8.5 the
441.411 368.89 4.79 8.5 2

446.173 366.703 8.08264 5.66602 nd
456.435 368.891 30.72 8.5 column
489.373 368.891 18.57 8.5 [37].

200.015 381.873 34.77 8.5 (DOCX)

200.015 400.922 9.96 8.5 S3
212.147 400.922 25.92 8.5 Table.
240.267 400.922 37.29 8.5 Absolute
279.781 400.922 19.39 8.5 total
301.381 400.922 36.92 8.5 numbers
340.499 400.922 8.49 8.5 of
351.214 400.922 10.22 8.5 all
363.573 400.922 32.74 8.5 animals
398.552 400.922 33.69 8.5 counted
434.495 400.922 28.32 8.5 during
464.995 400.922 13.24 8.5 the
480.415 400.922 23.31 8.5 aerial
505.984 400.922 30.77 8.5 surveys
538.922 400.922 8.49 8.5 of
549.637 400.922 20.64 8.5 GNP

200.015 413.904 15.74 8.5 and
217.93 413.904 30.14 8.5 limited
250.301 413.904 21.48 8.5 areas
273.999 413.904 23.67 8.5 north
299.851 413.904 8.49 8.5 of
310.509 413.904 13.24 8.5 the
325.929 413.904 19.24 8.5 park
347.416 413.904 40.31 8.5 boundary
389.935 413.904 53.79 8.5 (uncorrected
445.947 413.904 12.51 8.5 for
460.686 413.904 17.67 8.5 area
480.529 413.904 15.74 8.5 and
498.444 413.904 29.72 8.5 habitat
530.418 413.904 38.19 8.5 covered).

200.015 426.887 19.66 8.5 Grey
221.842 426.887 17.02 8.5 cells
241.06 426.887 12.31 8.5 are
255.517 426.887 20.45 8.5 years
278.194 426.887 8.18 8.5 in
288.569 426.887 24.3 8.5 which
315.044 426.887 4.37 8.5 a
321.564 426.887 21.59 8.5 given
345.375 426.887 27.75 8.5 species
375.365 426.887 14.8 8.5 was
392.316 426.887 13.56 8.5 not
408.077 426.887 37.68 8.5 surveyed.
447.988 426.887 34.01 8.5 Hatched
484.214 426.887 17.02 8.5 cells
503.376 426.887 12.31 8.5 are
517.889 426.887 20.45 8.5 years
540.51 426.887 11.68 8.5 for

200.015 439.926 24.3 8.5 which
226.49 439.926 10.58 8.5 no
239.246 439.926 25.56 8.5 spatial
267.026 439.926 48.51 8.5 information
317.822 439.926 6.3 8.5 is
326.269 439.926 36.69 8.5 available.
365.217 439.926 18.57 8.5 [37].

200.015 452.909 34.77 8.5 (DOCX)

200.015 471.901 9.96 8.5 S4
212.147 471.901 25.92 8.5 Table.
240.267 471.901 37.29 8.5 Absolute
279.781 471.901 19.39 8.5 total
301.381 471.901 36.92 8.5 numbers
340.499 471.901 8.49 8.5 of
351.214 471.901 10.22 8.5 all
363.573 471.901 32.74 8.5 animals
398.552 471.901 33.69 8.5 counted
434.495 471.901 28.32 8.5 during
464.995 471.901 23.31 8.5 aerial
490.507 471.901 30.77 8.5 surveys
523.502 471.901 8.49 8.5 of
534.217 471.901 30.6 8.5 Goron-

200.015 484.883 18.5 8.5 gosa
220.708 484.883 36.44 8.5 National
259.372 484.883 22.22 8.5 Park.
283.807 484.883 32.35 8.5 Records
318.389 484.883 12.31 8.5 are
332.846 484.883 28.48 8.5 limited
363.573 484.883 8.08 8.5 to
373.778 484.883 14.76 8.5 Rift
390.729 484.883 24.99 8.5 Valley
417.941 484.883 27.65 8.5 habitat
447.818 484.883 25.92 8.5 within
475.937 484.883 12.52 8.5 the
490.62 484.883 22.58 8.5 limits
515.451 484.883 7.97 8.5 of
525.599 484.883 12.52 8.5 the
540.283 484.883 24.2 8.5 2014–

200.015 497.923 19.04 8.5 2016
221.218 497.923 23.06 8.5 count
246.503 497.923 24.06 8.5 block.
272.752 497.923 19.66 8.5 Grey
294.578 497.923 17.02 8.5 cells
313.797 497.923 12.31 8.5 are
328.254 497.923 20.45 8.5 years
350.931 497.923 8.18 8.5 in
361.249 497.923 24.3 8.5 which
387.781 497.923 21.59 8.5 given
411.592 497.923 27.75 8.5 species
441.525 497.923 19.04 8.5 were
462.784 497.923 13.56 8.5 not
478.488 497.923 37.68 8.5 surveyed.
518.399 497.923 37.44 8.5 Numbers
558.084 497.923 14.08 8.5 can

200.015 510.905 9.33 8.5 be
211.524 510.905 39.77 8.5 converted
253.476 510.905 16.22 8.5 into
271.901 510.905 32.53 8.5 biomass
306.654 510.905 9.64 8.5 by
318.503 510.905 46.53 8.5 multiplying
367.258 510.905 9.64 8.5 by
379.05 510.905 12.52 8.5 the
393.79 510.905 60.89 8.5 species-specific
456.945 510.905 19.97 8.5 body
479.112 510.905 19.75 8.5 mass
501.052 510.905 36.83 8.5 estimates
540.113 510.905 26.28 8.5 shown

200.015 523.888 8.18 8.5 in
210.333 523.888 12.52 8.5 the
225.073 523.888 4.79 8.5 2

229.833 521.701 8.08264 5.66602 nd
240.038 523.889 32.97 8.5 column.

200.014 536.871 34.77 8.5 (DOCX)

200.014 555.92 9.96 8.5 S5
212.146 555.92 25.92 8.5 Table.
240.264 555.92 45.86 8.5 Illustrative
288.396 555.92 38.94 8.5 metadata
329.555 555.92 12.51 8.5 for
344.238 555.92 13.24 8.5 the
359.715 555.92 42.72 8.5 individual
404.673 555.92 37.55 8.5 sightings
444.471 555.92 8.49 8.5 of
455.129 555.92 31.25 8.5 wildlife
488.578 555.92 8.49 8.5 in
499.236 555.92 45.67 8.5 Gorongosa

200.014 568.902 36.44 8.5 National
238.678 568.902 19.76 8.5 Park
260.617 568.902 20.9 8.5 from
283.747 568.902 23.31 8.5 aerial
309.259 568.902 30.77 8.5 surveys
342.254 568.902 38.43 8.5 spanning
382.903 568.902 13.24 8.5 the
398.323 568.902 27.38 8.5 period
427.917 568.902 47.24 8.5 1969–2018.
477.409 568.902 15.64 8.5 The
495.211 568.902 19.1 8.5 table
516.527 568.902 24.4 8.5 shows
543.116 568.902 14.34 8.5 five
559.613 568.902 15.71 8.5 rec-

200.014 581.885 17.68 8.5 ords
219.856 581.885 19.86 8.5 from
241.908 581.885 12.52 8.5 the
256.648 581.885 30.01 8.5 dataset;
288.85 581.885 12.52 8.5 the
303.533 581.885 55.69 8.5 interpretation
361.473 581.885 7.97 8.5 of
371.621 581.885 18.1 8.5 each
391.917 581.885 30.72 8.5 column
424.855 581.885 31.92 8.5 heading
458.984 581.885 6.3 8.5 is
467.488 581.885 38.3 8.5 described
507.967 581.885 25.93 8.5 below.
536.143 581.885 15.64 8.5 The
553.944 581.885 13.1 8.5 full

200.014 594.924 27.76 8.5 dataset
229.947 594.924 7.97 8.5 of
240.094 594.924 26.04 8.5 70,102
268.327 594.924 32.56 8.5 spatially
303.136 594.924 42.23 8.5 referenced
347.583 594.924 31.97 8.5 sighting
381.769 594.924 29.85 8.5 records
413.857 594.924 6.3 8.5 is
422.304 594.924 34.44 8.5 available
458.984 594.924 7.97 8.5 as
469.132 594.924 4.37 8.5 a
475.652 594.924 59.37 8.5 supplementary
537.277 594.924 25.41 8.5 online

200.014 607.907 12.26 8.5 file
214.47 607.907 74.75 8.5 (comma-separated
291.514 607.907 24.47 8.5 values
318.16 607.907 30.56 8.5 format)
350.928 607.907 8.18 8.5 in
361.303 607.907 9.96 8.5 S1
373.435 607.907 17.74 8.5 File.
393.391 607.907 31.62 8.5 Readers
427.18 607.907 26.97 8.5 should
456.376 607.907 29.33 8.5 contact
487.897 607.907 12.52 8.5 the
502.581 607.907 58.33 8.5 corresponding

200.014 620.889 26.66 8.5 author
228.87 620.889 11.68 8.5 for
242.702 620.889 40.54 8.5 additional
285.505 620.889 50.76 8.5 information.

200.014 633.872 34.77 8.5 (DOCX)

200.014 652.921 9.96 8.5 S1
212.146 652.921 17.95 8.5 File.
232.272 652.921 20.27 8.5 Data
254.721 652.921 11.57 8.5 set
268.497 652.921 8.49 8.5 of
279.155 652.921 27.3 8.5 70,102
308.635 652.921 35.05 8.5 spatially
345.939 652.921 43.98 8.5 referenced
392.144 652.921 33.74 8.5 sighting
428.143 652.921 31.09 8.5 records
461.422 652.921 8.49 8.5 of
472.137 652.921 31.25 8.5 wildlife
505.585 652.921 20.9 8.5 from
528.716 652.921 9.96 8.5 15
540.792 652.921 23.31 8.5 aerial

200.014 665.903 31.25 8.5 wildlife
233.462 665.903 27.69 8.5 counts
263.395 665.903 47.24 8.5 1969–2018.

200.014 678.886 29.98 8.5 (XLSX)

428.882 40.4611 44.7434 7.39991 War-induced
475.256 40.4611 23.5197 7.39991 wildlife
500.428 40.4611 28.8716 7.39991 collapse
530.929 40.4611 13.1678 7.39991 and
545.782 40.4611 30.2956 7.39991 recovery

36 750.256 21.1997 7.39991 PLOS
58.8469 750.256 17.2398 7.39991 ONE
77.7819 750.256 2.07997 7.39991 |
81.5802 750.256 156.363 7.39991 https://doi.org/10.1371/journal.pone.0212864
245.876 750.256 21.9997 7.39991 March
269.573 750.256 10.9999 7.39991 13,
282.272 750.256 17.5438 7.39991 2019

552.81 750.256 8.79189 7.39991 15
563.241 750.256 2.24797 7.39991 /
567.209 750.256 8.79189 7.39991 18

200.012 77.3311 105.314 11.0999 Acknowledgments

200.012 96.198 13.91 8.5 We
216.112 96.198 23.06 8.5 thank
241.34 96.198 12.52 8.5 the
256.024 96.198 51.07 8.5 Government
309.371 96.198 7.97 8.5 of
319.519 96.198 52.92 8.5 Mozambique
374.681 96.198 15.12 8.5 and
391.972 96.198 12.52 8.5 the
406.656 96.198 52.4 8.5 Mozambican
461.364 96.198 26.34 8.5 people
489.881 96.198 11.68 8.5 for
503.77 96.198 18.89 8.5 their
524.803 96.198 30.98 8.5 support
558.025 96.198 7.97 8.5 of

200.012 109.237 44.12 8.5 Gorongosa
246.386 109.237 34.69 8.5 National
283.293 109.237 18.62 8.5 Park
304.099 109.237 15.12 8.5 and
321.39 109.237 11.68 8.5 for
335.223 109.237 18.89 8.5 their
356.313 109.237 44.38 8.5 permission
402.971 109.237 8.08 8.5 to
413.232 109.237 32.56 8.5 conduct
447.985 109.237 33.35 8.5 research
483.531 109.237 15.12 8.5 and
500.822 109.237 43.84 8.5 restoration
546.913 109.237 20.03 8.5 proj-

200.012 122.219 15.08 8.5 ects
217.246 122.219 25.92 8.5 within
245.366 122.219 7.93 8.5 it.
255.514 122.219 16.48 8.5 Ken
274.165 122.219 25.51 8.5 Tinley
301.888 122.219 22.05 8.5 made
326.096 122.219 34.44 8.5 available
362.776 122.219 12.52 8.5 the
377.459 122.219 31.51 8.5 pre-war
411.191 122.219 23.06 8.5 count
436.476 122.219 23.56 8.5 maps.
462.215 122.219 20.49 8.5 Dave
484.892 122.219 41.07 8.5 Cumming
528.205 122.219 15.12 8.5 and
545.553 122.219 17.68 8.5 Paul

200.012 135.202 29.16 8.5 Dutton
231.362 135.202 33.85 8.5 supplied
267.419 135.202 48.51 8.5 information
318.215 135.202 19.86 8.5 from
340.269 135.202 12.52 8.5 the
354.952 135.202 19.04 8.5 1994
376.212 135.202 15.12 8.5 and
393.503 135.202 19.04 8.5 1997
414.706 135.202 21.76 8.5 aerial
438.687 135.202 28.91 8.5 counts,
469.811 135.202 48.86 8.5 respectively.
520.891 135.202 42.42 8.5 Helicopter

200.012 148.241 18.36 8.5 pilot
220.534 148.241 20.8 8.5 Mike
243.551 148.241 23.46 8.5 Pingo
269.233 148.241 35.94 8.5 provided
307.387 148.241 41.38 8.5 continuity
350.984 148.241 8.18 8.5 in
361.359 148.241 35.84 8.5 counting
399.399 148.241 52.79 8.5 methodology
454.448 148.241 15.12 8.5 and
471.739 148.241 66.36 8.5 implementation.
540.394 148.241 29.49 8.5 Finally,

200.012 161.224 11.1 8.5 we
213.278 161.224 37.53 8.5 gratefully
253.019 161.224 51.76 8.5 acknowledge
307.047 161.224 12.52 8.5 the
321.73 161.224 54.27 8.5 contributions
378.253 161.224 7.97 8.5 of
388.401 161.224 37.78 8.5 observers
428.369 161.224 15.12 8.5 and
445.717 161.224 42.8 8.5 colleagues,
490.731 161.224 38.19 8.5 including
531.153 161.224 13.35 8.5 but
546.686 161.224 13.56 8.5 not

200.012 174.206 28.48 8.5 limited
230.682 174.206 10.33 8.5 to,
243.211 174.206 7.66 8.5 L.
253.019 174.206 34.63 8.5 Manaka,
289.869 174.206 8.39 8.5 T.
300.471 174.206 32.18 8.5 Castigo,
334.883 174.206 9.12 8.5 A.
346.165 174.206 24.06 8.5 Short,
372.414 174.206 7.56 8.5 F.
382.165 174.206 45.93 8.5 Steinbruch,
430.297 174.206 8.5 8.5 R.
440.955 174.206 30.89 8.5 Branco,
474.063 174.206 9.64 8.5 D.
485.855 174.206 43.36 8.5 Marcelino,
531.493 174.206 5.58 8.5 J.
539.203 174.206 32.55 8.5 Davane,

200.012 187.246 8.5 8.5 R.
210.67 187.246 22.01 8.5 Guta,
234.877 187.246 7.87 8.5 P.
244.912 187.246 29.64 8.5 Bouley,
276.773 187.246 8.08 8.5 B.
287.035 187.246 23.46 8.5 Pingo
312.66 187.246 15.12 8.5 and
330.008 187.246 9.64 8.5 D.
341.8 187.246 43.39 8.5 Gonçalves.

200.012 211.863 39.1377 11.0999 Author
241.737 211.863 78.3281 11.0999 Contributions

200.012 230.787 79.23 8.5 Conceptualization:
281.535 230.787 21.22 8.5 Marc
304.949 230.787 7.97 8.5 E.
315.097 230.787 38.4 8.5 Stalmans,
355.746 230.787 27.29 8.5 Robert
385.226 230.787 11.2 8.5 M.
398.606 230.787 31.05 8.5 Pringle.

200.012 248.758 20.27 8.5 Data
222.462 248.758 37.87 8.5 curation:
262.6 248.758 21.22 8.5 Marc
286.014 248.758 7.97 8.5 E.
296.162 248.758 38.4 8.5 Stalmans.

200.012 266.786 30.5 8.5 Formal
232.723 266.786 35.26 8.5 analysis:
270.197 266.786 21.22 8.5 Marc
293.611 266.786 7.97 8.5 E.
303.759 266.786 38.4 8.5 Stalmans,
344.407 266.786 27.9 8.5 Corina
374.511 266.786 7.97 8.5 E.
384.659 266.786 31.88 8.5 Tarnita,
418.788 266.786 27.29 8.5 Robert
448.268 266.786 11.2 8.5 M.
461.648 266.786 31.05 8.5 Pringle.

200.012 284.758 35.36 8.5 Funding
237.599 284.758 48.67 8.5 acquisition:
288.509 284.758 21.22 8.5 Marc
311.923 284.758 7.97 8.5 E.
322.071 284.758 38.4 8.5 Stalmans.

200.012 302.786 57.32 8.5 Investigation:
259.595 302.786 21.22 8.5 Marc
283.009 302.786 7.97 8.5 E.
293.157 302.786 38.4 8.5 Stalmans,
333.806 302.786 18.51 8.5 Tara
354.499 302.786 5.58 8.5 J.
362.266 302.786 32.33 8.5 Massad,
396.791 302.786 20.8 8.5 Mike
419.809 302.786 5.58 8.5 J.
427.575 302.786 7.04 8.5 S.
436.76 302.786 18.79 8.5 Peel.

200.012 320.758 57.73 8.5 Methodology:
259.992 320.758 21.22 8.5 Marc
283.406 320.758 7.97 8.5 E.
293.554 320.758 38.4 8.5 Stalmans.

200.012 338.786 30.04 8.5 Project
232.27 338.786 65.19 8.5 administration:
299.734 338.786 21.22 8.5 Marc
323.148 338.786 7.97 8.5 E.
333.296 338.786 38.4 8.5 Stalmans.

200.012 356.757 51.7 8.5 Supervision:
253.983 356.757 21.22 8.5 Marc
277.397 356.757 7.97 8.5 E.
287.545 356.757 38.4 8.5 Stalmans.

200.012 374.786 58.05 8.5 Visualization:
260.332 374.786 21.22 8.5 Marc
283.746 374.786 7.97 8.5 E.
293.894 374.786 38.4 8.5 Stalmans,
334.543 374.786 27.29 8.5 Robert
364.023 374.786 11.2 8.5 M.
377.403 374.786 31.05 8.5 Pringle.

200.012 392.757 33.37 8.5 Writing
235.614 392.757 5.1 8.5 –
242.871 392.757 32.8 8.5 original
277.907 392.757 23.32 8.5 draft:
303.419 392.757 21.22 8.5 Marc
326.833 392.757 7.97 8.5 E.
336.981 392.757 38.4 8.5 Stalmans,
377.629 392.757 27.29 8.5 Robert
407.109 392.757 11.2 8.5 M.
420.489 392.757 31.05 8.5 Pringle.

200.012 410.785 33.37 8.5 Writing
235.614 410.785 5.1 8.5 –
242.871 410.785 27.06 8.5 review
272.124 410.785 7.18 8.5 &
281.479 410.785 31.87 8.5 editing:
315.608 410.785 21.22 8.5 Marc
339.022 410.785 7.97 8.5 E.
349.17 410.785 38.4 8.5 Stalmans,
389.761 410.785 18.51 8.5 Tara
410.511 410.785 5.58 8.5 J.
418.221 410.785 32.33 8.5 Massad,
452.804 410.785 20.8 8.5 Mike
475.764 410.785 5.58 8.5 J.
483.531 410.785 7.04 8.5 S.
492.772 410.785 18.79 8.5 Peel,
513.748 410.785 27.9 8.5 Corina
543.852 410.785 7.97 8.5 E.
554 410.785 17.68 8.5 Tar-

211.974 423.768 17.74 8.5 nita,
231.929 423.768 27.29 8.5 Robert
261.41 423.768 11.2 8.5 M.
274.789 423.768 31.05 8.5 Pringle.

200.012 453.375 63.9871 11.0999 References

204.888 469.739 6.62392 7.39991 1.
221.498 469.739 30.6156 7.39991 Ceballos
253.757 469.739 8.45589 7.39991 G,
263.905 469.739 24.0717 7.39991 Ehrlich
289.643 469.739 13.2398 7.39991 PR,
304.553 469.739 32.9596 7.39991 Barnosky
339.136 469.739 13.2398 7.39991 AD,
354.103 469.739 23.2877 7.39991 Garcia
379.047 469.739 7.53591 7.39991 A,
388.288 469.739 24.4877 7.39991 Pringle
414.424 469.739 14.5758 7.39991 RM,
430.695 469.739 25.0317 7.39991 Palmer
457.397 469.739 13.7438 7.39991 TM.
472.817 469.739 41.5571 7.39991 Accelerated
516.074 469.739 26.7917 7.39991 modern
544.533 469.739 28.5436 7.39991 human–

221.498 479.263 27.5837 7.39991 induced
250.752 479.263 26.7517 7.39991 species
279.098 479.263 24.5837 7.39991 losses:
305.347 479.263 29.3676 7.39991 Entering
336.358 479.263 10.9999 7.39991 the
349.057 479.263 16.2478 7.39991 sixth
366.972 479.263 18.9598 7.39991 mass
387.608 479.263 35.4956 7.39991 extinction.
424.742 479.263 28.0796 7.39991 Science
454.449 479.263 36.9195 7.39991 Advances.
493 479.263 19.7518 7.39991 2015;
516.131 479.263 43.8395 7.39991 1:e1400253.

221.498 488.731 135.568 7.39991 https://doi.org/10.1126/sciadv.1400253
358.695 488.731 22.0717 7.39991 PMID:
382.449 488.731 35.0476 7.39991 26601195

204.888 501.77 6.62392 7.39991 2.
221.498 501.77 6.11992 7.39991 Li
229.322 501.77 7.9519 7.39991 H,
238.96 501.77 32.4476 7.39991 Xiang-Yu
273.089 501.77 6.20792 7.39991 J,
280.969 501.77 11.8239 7.39991 Dai
294.519 501.77 8.45589 7.39991 G,
304.667 501.77 10.6239 7.39991 Gu
316.969 501.77 7.11991 7.39991 Z,
325.813 501.77 17.1198 7.39991 Ming
344.578 501.77 7.9519 7.39991 C,
354.216 501.77 18.4558 7.39991 Yang
374.342 501.77 7.11991 7.39991 Z,
383.186 501.77 6.62392 7.39991 et
391.52 501.77 8.3279 7.39991 al.
401.554 501.77 20.1677 7.39991 Large
423.381 501.77 30.6452 7.39991 numbers
455.753 501.77 6.62392 7.39991 of
464.086 501.77 39.3835 7.39991 vertebrates
505.188 501.77 21.9197 7.39991 began
528.773 501.77 17.4958 7.39991 rapid
547.935 501.77 26.2477 7.39991 popula-

221.498 511.238 12.7038 7.39991 tion
235.899 511.238 24.9117 7.39991 decline
262.487 511.238 6.11992 7.39991 in
270.311 511.238 10.9999 7.39991 the
282.953 511.238 12.7038 7.39991 late
297.353 511.238 15.3758 7.39991 19th
314.418 511.238 28.1276 7.39991 century.
344.181 511.238 43.8315 7.39991 Proceedings
389.592 511.238 6.62392 7.39991 of
397.926 511.238 10.9999 7.39991 the
410.625 511.238 28.8636 7.39991 National
441.126 511.238 32.9996 7.39991 Academy
475.765 511.238 6.62392 7.39991 of
484.099 511.238 32.0396 7.39991 Sciences
517.774 511.238 18.5278 7.39991 USA.
537.957 511.238 19.7518 7.39991 2016;

221.498 520.762 65.5704 7.39991 113:14079–14084.
288.736 520.762 143.444 7.39991 https://doi.org/10.1073/pnas.1616804113
433.812 520.762 22.0717 7.39991 PMID:
457.566 520.762 35.0476 7.39991 27872315

204.888 533.745 6.62392 7.39991 3.
221.498 533.745 26.6077 7.39991 Cardillo
249.788 533.745 8.87189 7.39991 M,
260.333 533.745 19.3758 7.39991 Mace
281.366 533.745 15.0798 7.39991 GM,
298.147 533.745 21.0877 7.39991 Jones
320.881 533.745 12.8238 7.39991 KE,
335.394 533.745 21.4477 7.39991 Bielby
358.524 533.745 6.20792 7.39991 J,
366.405 533.745 57.7761 7.39991 Bininda-Emonds
425.876 533.745 19.4478 7.39991 ORP,
446.965 533.745 31.2076 7.39991 Sechrest
479.79 533.745 9.78388 7.39991 W,
491.299 533.745 6.62392 7.39991 et
499.632 533.745 8.3279 7.39991 al.
509.667 533.745 27.1117 7.39991 Multiple
538.41 533.745 25.0477 7.39991 causes
565.113 533.745 6.62392 7.39991 of

221.498 543.269 14.8718 7.39991 high
238.053 543.269 33.2876 7.39991 extinction
272.975 543.269 12.2878 7.39991 risk
286.922 543.269 6.11992 7.39991 in
294.802 543.269 17.4958 7.39991 large
313.964 543.269 30.2604 7.39991 mammal
345.939 543.269 28.9596 7.39991 species.
376.553 543.269 30.2876 7.39991 Science.
408.471 543.269 19.7518 7.39991 2005;
431.658 543.269 56.8505 7.39991 309:1239–1241.
490.165 543.269 80.4942 7.39991 https://doi.org/10.1126/

221.498 552.736 59.4865 7.39991 science.1116030
282.613 552.736 22.0717 7.39991 PMID:
306.368 552.736 35.0476 7.39991 16037416

204.888 565.776 6.62392 7.39991 4.
221.498 565.776 15.4078 7.39991 Fritz
238.62 565.776 12.8238 7.39991 SA,
253.133 565.776 57.7673 7.39991 Bininda-Emonds
312.547 565.776 19.4478 7.39991 ORP,
333.637 565.776 21.9517 7.39991 Purvis
357.277 565.776 7.53591 7.39991 A.
366.518 565.776 46.7634 7.39991 Geographical
414.99 565.776 29.7436 7.39991 variation
446.399 565.776 6.11992 7.39991 in
454.222 565.776 34.5172 7.39991 predictors
490.448 565.776 6.62392 7.39991 of
498.782 565.776 40.7163 7.39991 mammalian
541.189 565.776 33.2876 7.39991 extinction

221.498 575.243 14.4958 7.39991 risk:
237.656 575.243 10.4959 7.39991 big
249.845 575.243 5.70393 7.39991 is
257.271 575.243 15.3758 7.39991 bad,
274.336 575.243 10.9999 7.39991 but
287.035 575.243 14.4558 7.39991 only
303.136 575.243 6.11992 7.39991 in
310.959 575.243 10.9999 7.39991 the
323.659 575.243 25.4557 7.39991 tropics.
350.758 575.243 28.0796 7.39991 Ecology
380.522 575.243 26.3757 7.39991 Letters.
408.528 575.243 19.7518 7.39991 2009;
431.715 575.243 43.7227 7.39991 12:538–549.
477.125 575.243 84.4069 7.39991 https://doi.org/10.1111/j.

221.498 584.768 87.4133 7.39991 1461-0248.2009.01307.x
310.619 584.768 22.0717 7.39991 PMID:
334.317 584.768 35.0476 7.39991 19392714

204.888 597.751 6.62392 7.39991 5.
221.498 597.751 7.44791 7.39991 Di
230.683 597.751 21.9997 7.39991 Marco
254.323 597.751 8.87189 7.39991 M,
264.868 597.751 24.0717 7.39991 Boitani
290.607 597.751 6.62392 7.39991 L,
298.94 597.751 23.1997 7.39991 Mallon
323.829 597.751 7.9519 7.39991 D,
333.466 597.751 34.1796 7.39991 Hoffmann
369.353 597.751 8.87189 7.39991 M,
379.955 597.751 24.5837 7.39991 Iacucci
406.203 597.751 7.53591 7.39991 A,
415.388 597.751 30.1996 7.39991 Meijaard
447.249 597.751 7.53591 7.39991 E,
456.49 597.751 6.62392 7.39991 et
464.823 597.751 8.3279 7.39991 al.
474.858 597.751 5.32793 7.39991 A
481.888 597.751 45.0562 7.39991 retrospective
528.659 597.751 35.7676 7.39991 evaluation
566.133 597.751 6.62392 7.39991 of

221.498 607.275 10.9999 7.39991 the
234.198 607.275 20.9517 7.39991 global
256.818 607.275 24.9117 7.39991 decline
283.35 607.275 6.62392 7.39991 of
291.684 607.275 36.3755 7.39991 carnivores
329.668 607.275 13.1678 7.39991 and
344.521 607.275 36.3755 7.39991 ungulates.
382.563 607.275 46.3402 7.39991 Conservation
430.581 607.275 28.0316 7.39991 Biology.
460.288 607.275 19.7518 7.39991 2014;
483.419 607.275 52.4769 7.39991 28:1109–1118.
537.617 607.275 36.3451 7.39991 https://doi.

221.498 616.743 82.651 7.39991 org/10.1111/cobi.12249
305.8 616.743 22.0717 7.39991 PMID:
329.498 616.743 35.0476 7.39991 25187922

204.888 629.782 6.62392 7.39991 6.
221.498 629.782 22.2797 7.39991 Ripple
245.423 629.782 13.7438 7.39991 WJ,
260.9 629.782 30.2476 7.39991 Chapron
292.761 629.782 8.45589 7.39991 G,
302.909 629.782 7.8799 7.39991 Ló
311.639 629.782 29.4156 7.39991 pez-Bao
342.707 629.782 11.4959 7.39991 JV,
355.861 629.782 23.7037 7.39991 Durant
381.259 629.782 14.1598 7.39991 SM,
397.076 629.782 38.5835 7.39991 Macdonald
437.271 629.782 15.4878 7.39991 DW,
454.449 629.782 27.1677 7.39991 Lindsey
483.249 629.782 12.8238 7.39991 PA,
497.762 629.782 6.62392 7.39991 et
506.095 629.782 8.3279 7.39991 al.
516.131 629.782 24.1197 7.39991 Saving
541.925 629.782 10.9999 7.39991 the

221.498 639.25 24.4877 7.39991 world’s
247.634 639.25 32.8236 7.39991 terrestrial
282.103 639.25 41.6035 7.39991 megafauna.
325.416 639.25 41.6555 7.39991 BioScience.
368.672 639.25 19.7518 7.39991 2016;
391.86 639.25 43.8395 7.39991 66:807–812.
437.327 639.25 127.608 7.39991 https://doi.org/10.1093/biosci/biw092

221.498 648.774 22.0717 7.39991 PMID:
245.253 648.774 34.9268 7.39991 28533560

204.888 661.757 6.62392 7.39991 7.
221.498 661.757 24.9037 7.39991 Craigie
248.087 661.757 10.1599 7.39991 ID,
259.936 661.757 20.8957 7.39991 Baillie
282.5 661.757 18.1198 7.39991 JEM,
302.285 661.757 31.6156 7.39991 Balmford
335.564 661.757 7.53591 7.39991 A,
344.805 661.757 30.2476 7.39991 Carbone
376.667 661.757 7.9519 7.39991 C,
386.304 661.757 14.0798 7.39991 Ben
402.065 661.757 24.4877 7.39991 Collen,
428.256 661.757 21.9997 7.39991 Green
451.898 661.757 13.2398 7.39991 RE,
466.808 661.757 6.62392 7.39991 et
475.141 661.757 8.3279 7.39991 al.
485.176 661.757 20.1677 7.39991 Large
507.003 661.757 30.3676 7.39991 mammal
539.034 661.757 36.1771 7.39991 population

221.498 671.281 28.8716 7.39991 declines
251.999 671.281 6.11992 7.39991 in
259.823 671.281 25.8637 7.39991 Africa’s
287.376 671.281 32.9196 7.39991 protected
321.901 671.281 21.9597 7.39991 areas.
345.542 671.281 33.502 7.39991 Biological
380.805 671.281 48.549 7.39991 Conservation.
431.035 671.281 19.7518 7.39991 2010;
454.222 671.281 56.8505 7.39991 143:2221–2228.
512.729 671.281 60.8968 7.39991 https://doi.org/10.

221.498 680.748 92.5948 7.39991 1016/j.biocon.2010.06.007

204.888 693.731 6.62392 7.39991 8.
221.498 693.731 21.5837 7.39991 Ogutu
244.743 693.731 12.4158 7.39991 JO,
258.859 693.731 43.4115 7.39991 Owen-Smith
303.986 693.731 7.9519 7.39991 N.
313.624 693.731 24.7357 7.39991 ENSO,
340.043 693.731 23.1117 7.39991 rainfall
364.817 693.731 13.1678 7.39991 and
379.671 693.731 42.4723 7.39991 temperature
423.835 693.731 35.4556 7.39991 influences
460.912 693.731 8.79189 7.39991 on
471.4 693.731 28.5836 7.39991 extreme
501.617 693.731 36.2875 7.39991 population
539.545 693.731 28.8716 7.39991 declines

221.498 703.255 24.1677 7.39991 among
247.294 703.255 24.5757 7.39991 African
273.542 703.255 29.8396 7.39991 savanna
305.007 703.255 36.2635 7.39991 ungulates.
342.991 703.255 28.0796 7.39991 Ecology
372.755 703.255 26.3757 7.39991 Letters.
400.761 703.255 19.7518 7.39991 2003;
423.948 703.255 39.3467 7.39991 6:412–419.

428.882 40.4611 44.7434 7.39991 War-induced
475.256 40.4611 23.5197 7.39991 wildlife
500.428 40.4611 28.8716 7.39991 collapse
530.929 40.4611 13.1678 7.39991 and
545.782 40.4611 30.2956 7.39991 recovery

36 750.256 21.1997 7.39991 PLOS
58.8469 750.256 17.2398 7.39991 ONE
77.7819 750.256 2.07997 7.39991 |
81.5802 750.256 156.363 7.39991 https://doi.org/10.1371/journal.pone.0212864
245.876 750.256 21.9997 7.39991 March
269.573 750.256 10.9999 7.39991 13,
282.272 750.256 17.5438 7.39991 2019

552.81 750.256 8.79189 7.39991 16
563.241 750.256 2.24797 7.39991 /
567.209 750.256 8.79189 7.39991 18

204.888 77.5381 6.62392 7.39991 9.
221.498 77.5381 21.5837 7.39991 Ogutu
244.743 77.5381 12.4158 7.39991 JO,
258.859 77.5381 24.5357 7.39991 Piepho
285.051 77.5381 15.8638 7.39991 H-P,
302.569 77.5381 15.7838 7.39991 Said
320.031 77.5381 14.1598 7.39991 MY,
335.904 77.5381 26.7837 7.39991 Ojwang
364.308 77.5381 14.6638 7.39991 GO,
380.691 77.5381 17.9038 7.39991 Njino
400.25 77.5381 14.1598 7.39991 LW,
416.125 77.5381 22.3677 7.39991 Kifugo
440.105 77.5381 13.2398 7.39991 SC,
455.072 77.5381 6.62392 7.39991 et
463.406 77.5381 8.3279 7.39991 al.
473.441 77.5381 29.4956 7.39991 Extreme
504.565 77.5381 23.5197 7.39991 wildlife
529.737 77.5381 28.8716 7.39991 declines
560.294 77.5381 13.1678 7.39991 and

221.498 87.062 37.1819 7.39991 concurrent
260.39 87.062 29.7916 7.39991 increase
291.854 87.062 6.11992 7.39991 in
299.678 87.062 30.2476 7.39991 livestock
331.539 87.062 30.7516 7.39991 numbers
363.911 87.062 6.11992 7.39991 in
371.734 87.062 24.6237 7.39991 Kenya:
398.039 87.062 16.7038 7.39991 what
416.408 87.062 11.4159 7.39991 are
429.504 87.062 10.9999 7.39991 the
442.203 87.062 29.4236 7.39991 causes?
473.27 87.062 21.1997 7.39991 PLOS
496.118 87.062 19.4478 7.39991 ONE.
517.264 87.062 19.7518 7.39991 2016;
540.395 87.062 10.9999 7.39991 11:

221.498 96.5298 37.2555 7.39991 e0163249.
260.39 96.5298 156.384 7.39991 https://doi.org/10.1371/journal.pone.0163249
418.449 96.5298 22.0717 7.39991 PMID:
442.203 96.5298 34.9268 7.39991 27676077

200.523 109.512 10.9999 7.39991 10.
221.498 109.512 25.9597 7.39991 Gaynor
249.108 109.512 14.1598 7.39991 KM,
264.925 109.512 25.7757 7.39991 Fiorella
292.365 109.512 11.4959 7.39991 KJ,
305.574 109.512 28.5836 7.39991 Gregory
335.791 109.512 14.1598 7.39991 GH,
351.665 109.512 16.2878 7.39991 Kurz
369.58 109.512 11.9119 7.39991 DJ,
383.186 109.512 16.2878 7.39991 Seto
401.158 109.512 11.9119 7.39991 KL,
414.764 109.512 24.1997 7.39991 Withey
440.615 109.512 11.9119 7.39991 LS,
454.222 109.512 6.62392 7.39991 et
462.556 109.512 8.3279 7.39991 al.
472.59 109.512 14.5758 7.39991 War
488.861 109.512 13.1678 7.39991 and
503.715 109.512 25.7277 7.39991 wildlife:
531.097 109.512 22.2397 7.39991 linking

221.498 119.037 22.4157 7.39991 armed
245.593 119.037 24.5357 7.39991 conflict
271.785 119.037 6.62392 7.39991 to
280.119 119.037 46.7834 7.39991 conservation.
328.591 119.037 31.1596 7.39991 Frontiers
361.416 119.037 6.11992 7.39991 in
369.24 119.037 28.0796 7.39991 Ecology
398.946 119.037 13.1678 7.39991 and
413.8 119.037 46.4298 7.39991 Environment.
461.932 119.037 19.7518 7.39991 2016;
485.12 119.037 43.7219 7.39991 14:533–542.
530.53 119.037 36.4555 7.39991 https://doi.

221.498 128.561 74.8191 7.39991 org/10.1002/fee.1433

200.523 141.544 10.9999 7.39991 11.
221.498 141.544 28.4796 7.39991 Hammill
251.659 141.544 7.53591 7.39991 E,
260.9 141.544 25.4077 7.39991 Tulloch
287.942 141.544 14.6158 7.39991 AIT,
304.27 141.544 43.3547 7.39991 Possingham
349.284 141.544 13.2398 7.39991 HP,
364.251 141.544 27.6637 7.39991 Strange
393.561 141.544 7.9519 7.39991 N,
403.198 141.544 23.6957 7.39991 Wilson
428.54 141.544 12.8238 7.39991 KA.
443.054 141.544 32.9116 7.39991 Factoring
477.636 141.544 29.8316 7.39991 attitudes
509.1 141.544 27.6637 7.39991 towards
538.41 141.544 22.4157 7.39991 armed

221.498 151.012 24.5357 7.39991 conflict
247.691 151.012 12.2878 7.39991 risk
261.694 151.012 12.7038 7.39991 into
276.037 151.012 31.0796 7.39991 selection
308.805 151.012 6.62392 7.39991 of
317.083 151.012 32.9196 7.39991 protected
351.665 151.012 19.7518 7.39991 areas
373.038 151.012 9.24788 7.39991 for
384.036 151.012 46.7842 7.39991 conservation.
432.508 151.012 23.7037 7.39991 Nature
457.85 151.012 60.8912 7.39991 Communications.
520.439 151.012 19.7518 7.39991 2016;
543.626 151.012 30.594 7.39991 7:11042.

221.498 160.535 132.187 7.39991 https://doi.org/10.1038/ncomms11042
355.35 160.535 22.0717 7.39991 PMID:
379.104 160.535 34.9164 7.39991 27025894

200.523 173.518 10.9999 7.39991 12.
221.498 173.518 24.1197 7.39991 Daskin
247.294 173.518 11.9119 7.39991 JH,
260.9 173.518 24.4877 7.39991 Pringle
287.035 173.518 14.5758 7.39991 RM.
303.306 173.518 28.0572 7.39991 Warfare
333.07 173.518 13.1678 7.39991 and
347.923 173.518 23.5197 7.39991 wildlife
373.151 173.518 28.8716 7.39991 declines
403.652 173.518 6.11992 7.39991 in
411.476 173.518 25.8637 7.39991 Africa’s
439.028 173.518 32.9196 7.39991 protected
473.554 173.518 21.9597 7.39991 areas.
497.195 173.518 25.9117 7.39991 Nature.
524.747 173.518 19.7518 7.39991 2018;

221.498 183.042 48.0666 7.39991 553:328–332.
271.274 183.042 124.699 7.39991 https://doi.org/10.1038/nature25194
397.586 183.042 22.0717 7.39991 PMID:
421.34 183.042 34.9268 7.39991 29320475

200.523 196.025 10.9999 7.39991 13.
221.498 196.025 27.2077 7.39991 Hanson
250.355 196.025 7.11991 7.39991 T.
259.199 196.025 40.1771 7.39991 Biodiversity
301.095 196.025 44.5682 7.39991 conservation
347.357 196.025 13.1678 7.39991 and
362.21 196.025 22.4157 7.39991 armed
386.304 196.025 26.7437 7.39991 conflict:
414.707 196.025 4.41594 7.39991 a
420.83 196.025 26.3277 7.39991 warfare
448.779 196.025 27.1677 7.39991 ecology
477.636 196.025 42.3971 7.39991 perspective.
521.742 196.025 24.1197 7.39991 Annals
547.538 196.025 6.62392 7.39991 of
555.872 196.025 10.9999 7.39991 the

221.498 205.55 15.8238 7.39991 New
239.016 205.55 16.2878 7.39991 York
256.988 205.55 32.9996 7.39991 Academy
291.571 205.55 6.62392 7.39991 of
299.904 205.55 34.2476 7.39991 Sciences.
335.791 205.55 19.7518 7.39991 2018;
358.978 205.55 43.7227 7.39991 1429:50–65.
404.389 205.55 121.146 7.39991 https://doi.org/10.1111/nyas.13689
527.242 205.55 22.0717 7.39991 PMID:

221.498 215.017 35.0476 7.39991 29683517

200.523 228.057 10.9999 7.39991 14.
221.498 228.057 37.7915 7.39991 Pettersson
260.9 228.057 7.11991 7.39991 T,
269.744 228.057 43.3179 7.39991 Wallensteen
314.758 228.057 7.53591 7.39991 P.
323.999 228.057 23.3277 7.39991 Armed
348.944 228.057 30.7036 7.39991 conflicts,
381.315 228.057 41.6315 7.39991 1946–2014.
424.515 228.057 25.8317 7.39991 Journal
452.011 228.057 6.62392 7.39991 of
460.345 228.057 22.4157 7.39991 Peace
484.439 228.057 35.8772 7.39991 Research.
522.026 228.057 19.7518 7.39991 2015;
545.213 228.057 28.5036 7.39991 52:536–

221.498 237.524 15.3758 7.39991 550.
238.563 237.524 150.371 7.39991 https://doi.org/10.1177/0022343315595927

200.523 250.507 10.9999 7.39991 15.
221.498 250.507 24.4877 7.39991 Pringle
247.634 250.507 14.5758 7.39991 RM.
263.905 250.507 15.8238 7.39991 How
281.423 250.507 6.62392 7.39991 to
289.757 250.507 8.79189 7.39991 be
300.244 250.507 46.3114 7.39991 manipulative:
348.263 250.507 33.0428 7.39991 intelligent
383.016 250.507 29.7436 7.39991 tinkering
414.424 250.507 5.70393 7.39991 is
421.85 250.507 12.3358 7.39991 key
435.853 250.507 6.62392 7.39991 to
444.187 250.507 49.805 7.39991 understanding
495.664 250.507 27.1677 7.39991 ecology
524.464 250.507 13.1678 7.39991 and
539.317 250.507 36.6955 7.39991 rehabilitat-

221.498 260.031 10.4959 7.39991 ing
233.688 260.031 43.8603 7.39991 ecosystems.
279.269 260.031 33.3676 7.39991 American
314.304 260.031 32.0316 7.39991 Scientist.
347.98 260.031 19.7518 7.39991 2012;
371.111 260.031 39.4635 7.39991 100:30–37.

200.523 273.014 10.9999 7.39991 16.
221.498 273.014 31.6156 7.39991 Cromsigt
254.777 273.014 24.3277 7.39991 JPGM,
280.742 273.014 20.2477 7.39991 Beest
302.626 273.014 6.62392 7.39991 te
310.959 273.014 8.87189 7.39991 M.
321.561 273.014 40.2027 7.39991 Restoration
363.457 273.014 6.62392 7.39991 of
371.791 273.014 4.41594 7.39991 a
377.914 273.014 54.6689 7.39991 megaherbivore:
434.266 273.014 54.5569 7.39991 landscape-level
490.505 273.014 27.2477 7.39991 impacts
519.418 273.014 6.62392 7.39991 of
527.752 273.014 18.4078 7.39991 white
547.821 273.014 24.0797 7.39991 rhinoc-

221.498 282.538 15.3758 7.39991 eros
238.563 282.538 6.11992 7.39991 in
246.387 282.538 23.7037 7.39991 Kruger
271.728 282.538 28.8636 7.39991 National
302.229 282.538 18.4958 7.39991 Park,
322.411 282.538 20.6637 7.39991 South
344.749 282.538 22.4077 7.39991 Africa.
368.843 282.538 25.8317 7.39991 Journal
396.282 282.538 6.62392 7.39991 of
404.616 282.538 30.2876 7.39991 Ecology.
436.534 282.538 19.7518 7.39991 2014;
459.721 282.538 48.2154 7.39991 102:566–575.
509.497 282.538 60.8968 7.39991 https://doi.org/10.

221.498 292.063 81.2454 7.39991 1111/1365-2745.12218

200.523 305.046 10.9999 7.39991 17.
221.498 305.046 23.2877 7.39991 Venter
246.443 305.046 11.4959 7.39991 JA,
259.653 305.046 17.9918 7.39991 Prins
279.325 305.046 18.5278 7.39991 HHT,
299.508 305.046 24.9917 7.39991 Balfour
326.153 305.046 13.2398 7.39991 DA,
341.063 305.046 23.6957 7.39991 Slotow
366.462 305.046 7.9519 7.39991 R.
376.099 305.046 52.5017 7.39991 Reconstructing
430.297 305.046 22.3757 7.39991 grazer
454.335 305.046 46.5034 7.39991 assemblages
502.411 305.046 9.24788 7.39991 for
513.352 305.046 32.9196 7.39991 protected
547.935 305.046 15.7918 7.39991 area

221.498 314.513 39.4555 7.39991 restoration.
262.544 314.513 21.1997 7.39991 PLOS
285.448 314.513 19.4478 7.39991 ONE.
306.537 314.513 19.7518 7.39991 2014;
329.725 314.513 35.0876 7.39991 9:e90900.
366.462 314.513 156.384 7.39991 https://doi.org/10.1371/journal.pone.0090900
524.521 314.513 22.0717 7.39991 PMID:

221.498 324.037 35.0476 7.39991 24603663

200.523 337.02 10.9999 7.39991 18.
221.498 337.02 17.9918 7.39991 Prins
241.171 337.02 13.6558 7.39991 HH,
256.535 337.02 12.7518 7.39991 van
270.934 337.02 11.4159 7.39991 der
284.03 337.02 21.5037 7.39991 Jeugd
307.218 337.02 13.2398 7.39991 HP.
322.128 337.02 34.1596 7.39991 Herbivore
357.958 337.02 36.1739 7.39991 population
395.829 337.02 27.6717 7.39991 crashes
425.139 337.02 13.1678 7.39991 and
439.992 337.02 33.7036 7.39991 woodland
475.312 337.02 30.7516 7.39991 structure
507.739 337.02 6.11992 7.39991 in
515.563 337.02 15.8718 7.39991 East
533.081 337.02 22.4077 7.39991 Africa.
557.176 337.02 17.9998 7.39991 Jour-

221.498 346.544 10.4959 7.39991 nal
233.688 346.544 6.62392 7.39991 of
242.021 346.544 30.2876 7.39991 Ecology.
273.939 346.544 19.7518 7.39991 1993;
297.127 346.544 43.7219 7.39991 81:305–314.

200.523 359.527 10.9999 7.39991 19.
221.498 359.527 20.5757 7.39991 Holdo
243.665 359.527 14.5758 7.39991 RM,
259.823 359.527 25.7757 7.39991 Sinclair
287.205 359.527 18.5278 7.39991 ARE,
307.332 359.527 27.2077 7.39991 Dobson
336.074 359.527 12.8238 7.39991 AP,
350.531 359.527 28.5836 7.39991 Metzger
380.691 359.527 11.9119 7.39991 KL,
394.184 359.527 22.3677 7.39991 Bolker
418.165 359.527 14.1598 7.39991 BM,
433.926 359.527 24.0717 7.39991 Ritchie
459.551 359.527 14.1598 7.39991 ME,
475.312 359.527 6.62392 7.39991 et
483.589 359.527 8.3279 7.39991 al.
493.51 359.527 5.32793 7.39991 A
500.483 359.527 62.1048 7.39991 disease-mediated
564.149 359.527 11.8719 7.39991 tro-

221.498 369.051 14.4558 7.39991 phic
237.656 369.051 29.3044 7.39991 cascade
268.667 369.051 6.11992 7.39991 in
276.49 369.051 10.9999 7.39991 the
289.189 369.051 33.7436 7.39991 Serengeti
324.566 369.051 13.1678 7.39991 and
339.419 369.051 7.9119 7.39991 its
349.057 369.051 41.0195 7.39991 implications
391.803 369.051 9.24788 7.39991 for
402.745 369.051 37.8395 7.39991 ecosystem
442.147 369.051 7.9519 7.39991 C.
451.841 369.051 21.1997 7.39991 PLOS
474.688 369.051 28.0316 7.39991 Biology.
504.395 369.051 19.7518 7.39991 2009;
527.526 369.051 43.8395 7.39991 7:e1000210.

221.498 378.519 153.819 7.39991 https://doi.org/10.1371/journal.pbio.1000210
376.95 378.519 22.0717 7.39991 PMID:
400.647 378.519 35.0476 7.39991 19787022

200.523 391.558 10.9999 7.39991 20.
221.498 391.558 20.5757 7.39991 Holdo
243.722 391.558 14.5758 7.39991 RM,
259.993 391.558 14.0318 7.39991 Holt
275.754 391.558 13.6558 7.39991 RD,
291.061 391.558 23.2397 7.39991 Fryxell
316.005 391.558 12.8318 7.39991 JM.
330.518 391.558 30.262 7.39991 Grazers,
362.493 391.558 34.2476 7.39991 browsers,
398.38 391.558 13.1678 7.39991 and
413.233 391.558 10.9519 7.39991 fire
425.876 391.558 31.4956 7.39991 influence
458.984 391.558 10.9999 7.39991 the
471.683 391.558 21.5437 7.39991 extent
494.871 391.558 13.1678 7.39991 and
509.724 391.558 22.7437 7.39991 spatial
534.158 391.558 24.5837 7.39991 pattern
560.408 391.558 6.62392 7.39991 of

221.498 401.026 13.6238 7.39991 tree
236.805 401.026 19.3358 7.39991 cover
257.782 401.026 6.11992 7.39991 in
265.606 401.026 10.9999 7.39991 the
278.305 401.026 35.9516 7.39991 Serengeti.
315.891 401.026 35.7604 7.39991 Ecological
353.365 401.026 44.6554 7.39991 Applications.
399.683 401.026 19.7518 7.39991 2009;
422.814 401.026 39.4635 7.39991 19:95–109.
463.916 401.026 22.0717 7.39991 PMID:
487.614 401.026 35.0476 7.39991 19323175

200.523 414.008 10.9999 7.39991 21.
221.498 414.008 24.1197 7.39991 Daskin
247.294 414.008 11.9119 7.39991 JH,
260.9 414.008 32.9516 7.39991 Stalmans
295.482 414.008 8.87189 7.39991 M,
306.028 414.008 24.4877 7.39991 Pringle
332.162 414.008 14.5758 7.39991 RM.
348.433 414.008 35.7596 7.39991 Ecological
385.964 414.008 28.8716 7.39991 legacies
416.465 414.008 6.62392 7.39991 of
424.798 414.008 13.0718 7.39991 civil
439.539 414.008 14.9518 7.39991 war:
456.206 414.008 26.7517 7.39991 35-year
484.553 414.008 29.7916 7.39991 increase
516.017 414.008 6.11992 7.39991 in
523.841 414.008 29.8396 7.39991 savanna
555.305 414.008 13.6238 7.39991 tree

221.498 423.533 19.3358 7.39991 cover
242.475 423.533 30.5676 7.39991 following
274.733 423.533 34.9916 7.39991 wholesale
311.356 423.533 50.3218 7.39991 large-mammal
363.4 423.533 31.0796 7.39991 declines.
396.112 423.533 25.8317 7.39991 Journal
423.551 423.533 6.62392 7.39991 of
431.885 423.533 30.2876 7.39991 Ecology.
463.803 423.533 19.7518 7.39991 2016;
486.99 423.533 39.4635 7.39991 104:79–89.
528.093 423.533 36.3443 7.39991 https://doi.

221.498 433.058 105.758 7.39991 org/10.1111/1365-2745.12483

200.523 446.04 10.9999 7.39991 22.
221.498 446.04 23.2397 7.39991 Fryxell
246.387 446.04 12.8318 7.39991 JM,
260.9 446.04 39.1115 7.39991 Wilmshurst
301.662 446.04 11.0799 7.39991 JF,
314.418 446.04 25.6813 7.39991 Sinclair
341.857 446.04 18.5278 7.39991 ARE,
362.04 446.04 27.2077 7.39991 Haydon
390.896 446.04 12.8238 7.39991 DT,
405.409 446.04 14.0318 7.39991 Holt
421.113 446.04 13.6558 7.39991 RD,
436.42 446.04 27.2877 7.39991 Abrams
465.39 446.04 12.8238 7.39991 PA.
479.904 446.04 38.5915 7.39991 Landscape
520.042 446.04 20.6237 7.39991 scale,
542.322 446.04 33.7516 7.39991 heteroge-

221.498 455.508 18.8718 7.39991 neity,
242.021 455.508 13.1678 7.39991 and
256.875 455.508 10.9999 7.39991 the
269.574 455.508 25.7357 7.39991 viability
296.956 455.508 6.62392 7.39991 of
305.29 455.508 33.7436 7.39991 Serengeti
340.666 455.508 28.5436 7.39991 grazers.
370.884 455.508 28.0796 7.39991 Ecology
400.59 455.508 26.3757 7.39991 Letters.
428.596 455.508 19.7518 7.39991 2005;
451.784 455.508 39.3251 7.39991 8:328–335.
492.829 455.508 80.6094 7.39991 https://doi.org/10.1111/

221.498 465.032 91.3357 7.39991 j.1461-0248.2005.00727.x

200.523 478.015 10.9999 7.39991 23.
221.498 478.015 32.0396 7.39991 Terborgh
255.174 478.015 6.20792 7.39991 J,
263.054 478.015 21.5037 7.39991 Lopez
286.241 478.015 6.62392 7.39991 L,
294.576 478.015 22.8637 7.39991 Nuñez
319.123 478.015 25.0397 7.39991 Vargas
345.769 478.015 7.53591 7.39991 P,
355.01 478.015 14.4958 7.39991 Rao
371.224 478.015 8.87189 7.39991 M,
381.769 478.015 46.3114 7.39991 Shahabuddin
429.788 478.015 8.45589 7.39991 G,
439.935 478.015 29.7836 7.39991 Orihuela
471.343 478.015 8.45589 7.39991 G,
481.491 478.015 6.62392 7.39991 et
489.825 478.015 8.3279 7.39991 al.
499.86 478.015 35.7596 7.39991 Ecological
537.39 478.015 33.6692 7.39991 meltdown

221.498 487.539 6.11992 7.39991 in
229.322 487.539 45.4722 7.39991 predator-free
276.49 487.539 19.7918 7.39991 forest
297.977 487.539 37.3755 7.39991 fragments.
336.925 487.539 30.2876 7.39991 Science.
368.9 487.539 19.7518 7.39991 2001;
392.03 487.539 56.8537 7.39991 294:1923–1926.
450.594 487.539 109.294 7.39991 https://doi.org/10.1126/science.

221.498 497.006 30.6716 7.39991 1064397
253.813 497.006 22.0717 7.39991 PMID:
277.511 497.006 35.0476 7.39991 11729317

200.523 510.046 10.9999 7.39991 24.
221.498 510.046 32.2716 7.39991 Pellegrini
255.401 510.046 17.6958 7.39991 AFA,
274.79 510.046 24.4877 7.39991 Pringle
300.925 510.046 14.5758 7.39991 RM,
317.195 510.046 34.7116 7.39991 Govender
353.536 510.046 7.9519 7.39991 N,
363.173 510.046 20.5757 7.39991 Hedin
385.454 510.046 12.8318 7.39991 LO.
399.967 510.046 24.6637 7.39991 Woody
426.272 510.046 17.0798 7.39991 plant
445.038 510.046 29.4156 7.39991 biomass
476.105 510.046 13.1678 7.39991 and
490.902 510.046 24.1277 7.39991 carbon
516.697 510.046 34.2156 7.39991 exchange

221.498 519.513 26.2957 7.39991 depend
249.448 519.513 8.79189 7.39991 on
259.936 519.513 43.6227 7.39991 elephant-fire
305.29 519.513 40.1915 7.39991 interactions
347.186 519.513 23.2957 7.39991 across
372.131 519.513 4.41594 7.39991 a
378.254 519.513 39.7643 7.39991 productivity
419.753 519.513 28.4556 7.39991 gradient
449.8 519.513 6.11992 7.39991 in
457.68 519.513 24.5757 7.39991 African
483.873 519.513 32.0476 7.39991 savanna.
517.547 519.513 25.8317 7.39991 Journal
545.044 519.513 6.62392 7.39991 of
553.377 519.513 17.9918 7.39991 Ecol-

221.498 529.038 14.9598 7.39991 ogy.
238.109 529.038 19.7518 7.39991 2017;
261.297 529.038 48.2154 7.39991 105:111–121.
311.13 529.038 142.107 7.39991 https://doi.org/10.1111/1365-2745.12668

200.523 542.02 10.9999 7.39991 25.
221.498 542.02 38.0187 7.39991 Georgiadis
261.24 542.02 11.9119 7.39991 NJ,
274.846 542.02 25.0317 7.39991 Olwero
301.548 542.02 18.1198 7.39991 JGN,
321.335 542.02 26.7837 7.39991 Ojwang
349.737 542.02 8.45589 7.39991 G,
359.885 542.02 38.2395 7.39991 Romañach
399.797 542.02 12.8238 7.39991 SS.
414.31 542.02 31.0612 7.39991 Savanna
447.079 542.02 32.8316 7.39991 herbivore
481.548 542.02 33.3756 7.39991 dynamics
516.527 542.02 6.11992 7.39991 in
524.35 542.02 4.41594 7.39991 a
530.474 542.02 32.8716 7.39991 livestock-

221.498 551.545 36.7307 7.39991 dominated
259.936 551.545 38.0211 7.39991 landscape:
299.678 551.545 4.45594 7.39991 I.
305.857 551.545 44.6026 7.39991 Dependence
352.175 551.545 8.79189 7.39991 on
362.664 551.545 14.8718 7.39991 land
379.218 551.545 14.9598 7.39991 use,
395.829 551.545 25.3197 7.39991 rainfall,
422.814 551.545 27.2077 7.39991 density,
451.671 551.545 13.1678 7.39991 and
466.524 551.545 17.1598 7.39991 time.
485.346 551.545 33.6076 7.39991 Biological
520.609 551.545 48.5338 7.39991 Conservation.

221.498 561.013 19.7518 7.39991 2007;
244.686 561.013 48.0978 7.39991 137:461–472.
294.462 561.013 153.483 7.39991 https://doi.org/10.1016/j.biocon.2007.03.005

200.523 574.052 10.9999 7.39991 26.
221.498 574.052 25.7757 7.39991 Sinclair
248.938 574.052 18.5278 7.39991 ARE,
269.12 574.052 26.4157 7.39991 Mduma
297.183 574.052 18.5278 7.39991 SAR,
317.423 574.052 34.2476 7.39991 Hoppcraft
353.309 574.052 6.20792 7.39991 J,
361.189 574.052 23.2397 7.39991 Fryxell
386.077 574.052 12.8318 7.39991 JM,
400.647 574.052 24.9037 7.39991 Hilborn
427.18 574.052 7.9519 7.39991 R,
436.817 574.052 31.1196 7.39991 Thirgood
469.585 574.052 7.53591 7.39991 S.
478.826 574.052 35.9995 7.39991 Long-term
516.471 574.052 37.8395 7.39991 ecosystem

221.498 583.52 33.3756 7.39991 dynamics
256.478 583.52 6.11992 7.39991 in
264.302 583.52 10.9999 7.39991 the
277.001 583.52 35.9516 7.39991 Serengeti:
314.588 583.52 26.7517 7.39991 lessons
342.991 583.52 9.24788 7.39991 for
353.933 583.52 46.8194 7.39991 conservation.
402.462 583.52 46.333 7.39991 Conservation
450.48 583.52 28.0316 7.39991 Biology.
480.187 583.52 19.7518 7.39991 2007;
503.318 583.52 43.8395 7.39991 21:580–590.
548.785 583.52 23.7917 7.39991 https://

221.498 593.044 148.096 7.39991 doi.org/10.1111/j.1523-1739.2007.00699.x
371.28 593.044 22.0717 7.39991 PMID:
395.034 593.044 34.9276 7.39991 17531037

200.523 606.027 10.9999 7.39991 27.
221.498 606.027 21.5837 7.39991 Ogutu
244.743 606.027 12.4158 7.39991 JO,
258.859 606.027 43.4115 7.39991 Owen-Smith
303.986 606.027 7.9519 7.39991 N,
313.624 606.027 24.5357 7.39991 Piepho
339.816 606.027 15.8638 7.39991 H-P,
357.391 606.027 24.5357 7.39991 Kuloba
383.583 606.027 7.53591 7.39991 B,
392.824 606.027 22.8317 7.39991 Edebe
417.315 606.027 6.20792 7.39991 J.
425.195 606.027 34.7036 7.39991 Dynamics
461.535 606.027 6.62392 7.39991 of
469.869 606.027 34.058 7.39991 ungulates
505.642 606.027 6.11992 7.39991 in
513.466 606.027 25.7837 7.39991 relation
540.905 606.027 6.62392 7.39991 to
549.239 606.027 26.2797 7.39991 climatic

221.498 615.551 13.1678 7.39991 and
236.352 615.551 14.8718 7.39991 land
252.907 615.551 12.7518 7.39991 use
267.306 615.551 29.8396 7.39991 changes
298.828 615.551 6.11992 7.39991 in
306.651 615.551 8.79189 7.39991 an
317.139 615.551 37.4723 7.39991 insularized
356.313 615.551 24.5757 7.39991 African
382.563 615.551 29.8396 7.39991 savanna
414.027 615.551 40.0475 7.39991 ecosystem.
455.639 615.551 40.2795 7.39991 Biodiversity
497.592 615.551 13.1678 7.39991 and
512.388 615.551 48.5666 7.39991 Conservation.

221.498 625.018 19.7518 7.39991 2012;
244.686 625.018 52.4737 7.39991 21:1033–1053.
298.828 625.018 149.105 7.39991 https://doi.org/10.1007/s10531-012-0239-9

200.523 638.058 10.9999 7.39991 28.
221.498 638.058 24.4877 7.39991 Pringle
247.634 638.058 14.5758 7.39991 RM.
263.905 638.058 36.3275 7.39991 Upgrading
301.888 638.058 32.9196 7.39991 protected
336.414 638.058 19.7518 7.39991 areas
357.844 638.058 6.62392 7.39991 to
366.121 638.058 32.0476 7.39991 conserve
399.797 638.058 13.5278 7.39991 wild
415.047 638.058 41.4715 7.39991 biodiversity.
458.247 638.058 25.9117 7.39991 Nature.
485.8 638.058 19.7518 7.39991 2017;
508.987 638.058 39.3467 7.39991 546:91–99.
550.032 638.058 23.7917 7.39991 https://

221.498 647.525 100.918 7.39991 doi.org/10.1038/nature22902
324.112 647.525 22.0717 7.39991 PMID:
347.866 647.525 34.9276 7.39991 28569807

200.523 660.508 10.9999 7.39991 29.
221.498 660.508 21.0317 7.39991 Tinley
244.176 660.508 11.9119 7.39991 KL.
257.782 660.508 39.5755 7.39991 Framework
298.997 660.508 6.62392 7.39991 of
307.332 660.508 10.9999 7.39991 the
320.031 660.508 38.9419 7.39991 Gorongosa
360.679 660.508 40.0475 7.39991 ecosystem,
402.348 660.508 47.2618 7.39991 Mozambique.
451.331 660.508 15.4078 7.39991 PhD
468.452 660.508 22.8317 7.39991 thesis,
492.943 660.508 34.6156 7.39991 University
529.17 660.508 6.62392 7.39991 of
537.503 660.508 29.8236 7.39991 Pretoria.

221.498 670.032 19.7518 7.39991 1977.

200.523 683.015 10.9999 7.39991 30.
221.498 683.015 32.9516 7.39991 Stalmans
256.081 683.015 8.87189 7.39991 M,
266.626 683.015 27.6157 7.39991 Beilfuss
295.936 683.015 7.9519 7.39991 R.
305.574 683.015 42.4371 7.39991 Landscapes
349.737 683.015 6.62392 7.39991 of
358.014 683.015 10.9999 7.39991 the
370.714 683.015 39.0875 7.39991 Gorongosa
411.419 683.015 27.5357 7.39991 national
440.615 683.015 17.5838 7.39991 park.
459.834 683.015 19.7518 7.39991 2008.

428.882 40.4611 44.7434 7.39991 War-induced
475.256 40.4611 23.5197 7.39991 wildlife
500.428 40.4611 28.8716 7.39991 collapse
530.929 40.4611 13.1678 7.39991 and
545.782 40.4611 30.2956 7.39991 recovery

36 750.256 21.1997 7.39991 PLOS
58.8469 750.256 17.2398 7.39991 ONE
77.7819 750.256 2.07997 7.39991 |
81.5802 750.256 156.363 7.39991 https://doi.org/10.1371/journal.pone.0212864
245.876 750.256 21.9997 7.39991 March
269.573 750.256 10.9999 7.39991 13,
282.272 750.256 17.5438 7.39991 2019

552.81 750.256 8.79189 7.39991 17
563.241 750.256 2.24797 7.39991 /
567.209 750.256 8.79189 7.39991 18

200.523 77.5381 10.9999 7.39991 31.
221.499 77.5381 23.2877 7.39991 Hatton
246.444 77.5381 6.20792 7.39991 J,
254.381 77.5381 21.0797 7.39991 Couto
277.114 77.5381 8.87189 7.39991 M,
287.66 77.5381 38.9411 7.39991 Oglethorpe
328.308 77.5381 6.20792 7.39991 J.
336.245 77.5381 40.1779 7.39991 Biodiversity
378.141 77.5381 13.1678 7.39991 and
392.994 77.5381 14.9518 7.39991 war:
409.605 77.5381 4.41594 7.39991 a
415.728 77.5381 16.7118 7.39991 case
434.096 77.5381 18.9198 7.39991 study
454.676 77.5381 15.8718 7.39991 from
472.251 77.5381 47.2618 7.39991 Moçambique.
522.99 77.5381 41.6067 7.39991 Washington

221.499 87.062 13.6558 7.39991 DC:
238.62 87.062 40.1779 7.39991 Biodiversity
280.516 87.062 27.6637 7.39991 Support
309.826 87.062 32.5356 7.39991 Program.
344.012 87.062 19.7518 7.39991 2001.

200.523 100.045 10.9999 7.39991 32.
221.499 100.045 23.2877 7.39991 Dutton
246.444 100.045 7.53591 7.39991 P.
255.685 100.045 5.32793 7.39991 A
262.714 100.045 22.4157 7.39991 dream
286.809 100.045 32.0876 7.39991 becomes
320.484 100.045 4.41594 7.39991 a
326.607 100.045 37.2875 7.39991 nightmare:
365.555 100.045 50.7642 7.39991 Mozambique’s
417.995 100.045 31.8932 7.39991 ferocious
451.614 100.045 26.7517 7.39991 15-year
480.017 100.045 17.1278 7.39991 bush
498.782 100.045 12.7438 7.39991 war
513.239 100.045 12.7518 7.39991 has
527.696 100.045 38.4987 7.39991 devastated
567.891 100.045 4.41594 7.39991 a

221.499 109.512 17.1278 7.39991 once
240.321 109.512 12.7038 7.39991 rich
254.664 109.512 13.1678 7.39991 and
269.517 109.512 32.8796 7.39991 abundant
304.043 109.512 25.7277 7.39991 wildlife.
331.426 109.512 24.5757 7.39991 African
357.675 109.512 27.5597 7.39991 Wildlife.
386.928 109.512 19.7518 7.39991 1994;
410.059 109.512 30.7116 7.39991 48:6–14.

200.523 122.552 10.9999 7.39991 33.
221.499 122.552 33.726 7.39991 Cumming
256.932 122.552 7.9519 7.39991 D,
266.626 122.552 25.0397 7.39991 Mackie
293.271 122.552 13.2398 7.39991 CS,
308.238 122.552 28.5436 7.39991 Magane
338.399 122.552 7.53591 7.39991 S,
347.64 122.552 21.9517 7.39991 Taylor
371.281 122.552 13.6558 7.39991 RD.
386.588 122.552 20.1117 7.39991 Aerial
408.415 122.552 25.0477 7.39991 census
435.117 122.552 6.62392 7.39991 of
443.394 122.552 17.4958 7.39991 large
462.613 122.552 36.6819 7.39991 herbivores
500.994 122.552 6.11992 7.39991 in
508.818 122.552 10.9999 7.39991 the
521.517 122.552 39.0875 7.39991 Gorongosa

221.499 132.019 28.8636 7.39991 National
251.999 132.019 16.2878 7.39991 Park
269.971 132.019 13.1678 7.39991 and
284.824 132.019 10.9999 7.39991 the
297.523 132.019 35.9372 7.39991 Marromeu
335.168 132.019 16.7038 7.39991 Area
353.536 132.019 6.62392 7.39991 of
361.87 132.019 10.9999 7.39991 the
374.569 132.019 30.3276 7.39991 Zambezi
406.544 132.019 18.4078 7.39991 Delta
426.613 132.019 6.11992 7.39991 in
434.437 132.019 47.4154 7.39991 Mozambique.
483.475 132.019 31.0476 7.39991 Direcção
516.244 132.019 30.6156 7.39991 Nacional
548.502 132.019 8.79189 7.39991 de
558.991 132.019 16.2398 7.39991 Flor-

221.499 141.544 21.1277 7.39991 estas;
244.29 141.544 19.7518 7.39991 1994.

200.523 154.526 10.9999 7.39991 34.
221.499 154.526 23.2877 7.39991 Dutton
246.444 154.526 7.53591 7.39991 P.
255.685 154.526 20.1117 7.39991 Aerial
277.455 154.526 23.2957 7.39991 survey
302.399 154.526 6.62392 7.39991 of
310.733 154.526 39.0875 7.39991 Gorongosa
351.439 154.526 28.8636 7.39991 National
381.939 154.526 18.4958 7.39991 Park,
402.121 154.526 19.7518 7.39991 1997.
423.551 154.526 31.802 7.39991 Available
457.057 154.526 18.0798 7.39991 from:
476.843 154.526 91.9165 7.39991 http://www.gorongosa.org/

221.499 164.051 322.172 7.39991 sites/default/files/research/gorongosa_aerial_wildlife_survey_pauldutton_1997_-_sheet1.pdf.

200.523 177.034 10.9999 7.39991 35.
221.499 177.034 29.8716 7.39991 Dunham
253.02 177.034 14.1598 7.39991 KM.
268.837 177.034 20.1117 7.39991 Aerial
290.664 177.034 24.6237 7.39991 Survey
316.913 177.034 6.62392 7.39991 of
325.246 177.034 20.1677 7.39991 Large
347.073 177.034 38.0155 7.39991 Herbivores
386.814 177.034 6.11992 7.39991 in
394.638 177.034 39.0875 7.39991 Gorongosa
435.343 177.034 28.8636 7.39991 National
465.844 177.034 18.4958 7.39991 Park,
486.027 177.034 47.3074 7.39991 Mozambique:
535.009 177.034 19.7518 7.39991 2004.
558.197 177.034 5.32793 7.39991 A

221.499 186.558 20.6237 7.39991 report
243.779 186.558 9.24788 7.39991 for
254.721 186.558 10.9999 7.39991 the
267.42 186.558 28.5836 7.39991 Gregory
297.637 186.558 5.74393 7.39991 C
305.121 186.558 15.3678 7.39991 Carr
322.129 186.558 41.6635 7.39991 Foundation.
367.199 186.558 40.6795 7.39991 Cambridge,
409.548 186.558 14.1598 7.39991 MA,
425.423 186.558 18.5278 7.39991 USA;
445.605 186.558 19.7518 7.39991 2004.

200.523 199.541 10.9999 7.39991 36.
221.499 199.541 26.3277 7.39991 Turkalo
249.505 199.541 12.8238 7.39991 AK,
264.018 199.541 23.3277 7.39991 Wrege
288.963 199.541 13.2398 7.39991 PH,
303.93 199.541 35.5564 7.39991 Wittemyer
341.177 199.541 8.45589 7.39991 G.
351.325 199.541 17.1118 7.39991 Slow
370.147 199.541 26.6557 7.39991 intrinsic
398.437 199.541 23.7037 7.39991 growth
423.835 199.541 13.6238 7.39991 rate
439.142 199.541 6.11992 7.39991 in
446.966 199.541 19.7918 7.39991 forest
468.396 199.541 34.1676 7.39991 elephants
504.225 199.541 31.0796 7.39991 indicates
536.936 199.541 30.2956 7.39991 recovery

221.499 209.008 15.8718 7.39991 from
239.074 209.008 31.8548 7.39991 poaching
272.636 209.008 10.8559 7.39991 will
285.221 209.008 24.4957 7.39991 require
311.357 209.008 32.0476 7.39991 decades.
345.032 209.008 25.8317 7.39991 Journal
372.528 209.008 6.62392 7.39991 of
380.806 209.008 26.2397 7.39991 Applied
408.755 209.008 30.2876 7.39991 Ecology.
440.673 209.008 19.7518 7.39991 2017;
463.803 209.008 43.8395 7.39991 54:153–159.
509.271 209.008 60.8664 7.39991 https://doi.org/10.

221.499 218.532 81.2454 7.39991 1111/1365-2664.12764

200.523 231.515 10.9999 7.39991 37.
221.499 231.515 21.0877 7.39991 Jones
244.233 231.515 12.8238 7.39991 KE,
258.746 231.515 21.4477 7.39991 Bielby
281.876 231.515 6.20792 7.39991 J,
289.814 231.515 26.6077 7.39991 Cardillo
318.046 231.515 8.87189 7.39991 M,
328.648 231.515 15.4078 7.39991 Fritz
345.712 231.515 12.8238 7.39991 SA,
360.226 231.515 21.4397 7.39991 O’Dell
383.357 231.515 6.20792 7.39991 J,
391.237 231.515 19.8718 7.39991 Orme
412.78 231.515 18.0318 7.39991 CDL,
432.509 231.515 6.62392 7.39991 et
440.842 231.515 8.3279 7.39991 al.
450.877 231.515 45.233 7.39991 PanTHERIA:
497.818 231.515 4.41594 7.39991 a
503.942 231.515 45.3994 7.39991 species-level
551.053 231.515 17.9998 7.39991 data-

221.499 241.039 17.1278 7.39991 base
240.321 241.039 6.62392 7.39991 of
248.598 241.039 10.0319 7.39991 life
260.333 241.039 25.4557 7.39991 history,
287.489 241.039 29.3756 7.39991 ecology,
318.5 241.039 13.1678 7.39991 and
333.297 241.039 37.2555 7.39991 geography
372.188 241.039 6.62392 7.39991 of
380.522 241.039 21.5437 7.39991 extant
403.709 241.039 13.1678 7.39991 and
418.563 241.039 27.6237 7.39991 recently
447.816 241.039 22.8317 7.39991 extinct
472.307 241.039 36.4339 7.39991 mammals.
510.462 241.039 30.2876 7.39991 Ecology.
542.38 241.039 19.7518 7.39991 2009;

221.499 250.507 30.7116 7.39991 90:2648.

200.523 263.546 10.9999 7.39991 38.
221.499 263.546 14.4958 7.39991 Coe
237.656 263.546 12.8318 7.39991 MJ,
252.17 263.546 33.8236 7.39991 Cumming
287.66 263.546 13.6558 7.39991 DH,
302.967 263.546 33.6076 7.39991 Phillipson
338.229 263.546 6.20792 7.39991 J.
346.166 263.546 30.3276 7.39991 Biomass
378.141 263.546 13.1678 7.39991 and
392.994 263.546 36.6843 7.39991 production
431.375 263.546 6.62392 7.39991 of
439.709 263.546 17.4958 7.39991 large
458.871 263.546 24.5757 7.39991 African
485.119 263.546 36.7915 7.39991 herbivores
523.501 263.546 6.11992 7.39991 in
531.324 263.546 25.7837 7.39991 relation
558.763 263.546 6.62392 7.39991 to

221.499 273.014 23.1117 7.39991 rainfall
246.274 273.014 13.1678 7.39991 and
261.127 273.014 26.3277 7.39991 primary
289.133 273.014 38.8931 7.39991 production.
329.725 273.014 37.7035 7.39991 Oecologia.
369.07 273.014 19.7518 7.39991 1976;
392.201 273.014 43.8395 7.39991 22:341–354.
437.668 273.014 125.564 7.39991 https://doi.org/10.1007/BF00345312

221.499 282.538 22.0717 7.39991 PMID:
245.253 282.538 34.9276 7.39991 28308896

200.523 295.521 10.9999 7.39991 39.
221.499 295.521 24.1197 7.39991 Bouley
247.294 295.521 7.53591 7.39991 P,
256.535 295.521 24.1197 7.39991 Poulos
282.273 295.521 8.87189 7.39991 M,
292.875 295.521 25.0397 7.39991 Branco
319.578 295.521 7.9519 7.39991 R,
329.215 295.521 21.9517 7.39991 Carter
352.799 295.521 13.6558 7.39991 NH.
368.163 295.521 31.1996 7.39991 Post-war
400.988 295.521 30.2956 7.39991 recovery
432.962 295.521 6.62392 7.39991 of
441.24 295.521 10.9999 7.39991 the
453.939 295.521 24.5757 7.39991 African
480.188 295.521 12.1998 7.39991 lion
494.077 295.521 6.11992 7.39991 in
501.901 295.521 32.4636 7.39991 response
535.973 295.521 6.62392 7.39991 to
544.307 295.521 20.1197 7.39991 large-

221.499 305.046 18.4158 7.39991 scale
241.568 305.046 37.8395 7.39991 ecosystem
281.026 305.046 39.4555 7.39991 restoration.
322.129 305.046 33.502 7.39991 Biological
357.335 305.046 48.5658 7.39991 Conservation.
407.621 305.046 19.7518 7.39991 2018;
430.751 305.046 48.2154 7.39991 227:233–242.
480.584 305.046 84.3957 7.39991 https://doi.org/10.1016/j.

221.499 314.513 69.1031 7.39991 biocon.2018.08.024

200.523 327.553 10.9999 7.39991 40.
221.499 327.553 43.4211 7.39991 Owen-Smith
266.626 327.553 7.9519 7.39991 N,
276.264 327.553 15.7358 7.39991 Mills
293.725 327.553 8.87189 7.39991 M.
304.271 327.553 29.7836 7.39991 Manifold
335.735 327.553 35.8148 7.39991 interactive
373.265 327.553 35.3516 7.39991 influences
410.342 327.553 8.79189 7.39991 on
420.83 327.553 10.9999 7.39991 the
433.53 327.553 36.1739 7.39991 population
471.4 327.553 33.3756 7.39991 dynamics
506.436 327.553 6.62392 7.39991 of
514.77 327.553 4.41594 7.39991 a
520.893 327.553 43.2451 7.39991 multispecies

221.499 337.02 30.2076 7.39991 ungulate
253.36 337.02 44.6322 7.39991 assemblage.
299.678 337.02 35.7596 7.39991 Ecological
337.208 337.02 45.981 7.39991 Monographs.
384.83 337.02 19.7518 7.39991 2006;
408.018 337.02 35.0876 7.39991 76:73–92.

200.523 350.059 10.9999 7.39991 41.
221.499 350.059 27.2877 7.39991 Bothma
250.412 350.059 17.1998 7.39991 JDP,
269.291 350.059 15.7838 7.39991 Peel
286.752 350.059 18.1198 7.39991 MJS,
306.594 350.059 18.0318 7.39991 Pettit
326.267 350.059 7.53591 7.39991 S,
335.508 350.059 36.5435 7.39991 Grossman
373.662 350.059 7.9519 7.39991 D.
383.357 350.059 36.6843 7.39991 Evaluating
421.737 350.059 10.9999 7.39991 the
434.437 350.059 31.6316 7.39991 accuracy
467.658 350.059 6.62392 7.39991 of
475.992 350.059 19.3758 7.39991 some
497.025 350.059 36.0395 7.39991 commonly
534.726 350.059 17.1278 7.39991 used
553.491 350.059 22.4157 7.39991 game-

221.499 359.527 29.7916 7.39991 counting
252.906 359.527 32.5436 7.39991 methods.
287.092 359.527 5.32793 7.39991 S
294.122 359.527 10.1599 7.39991 Afr
305.971 359.527 3.99995 7.39991 J
311.697 359.527 17.0638 7.39991 Wildl
330.462 359.527 16.2878 7.39991 Res.
348.434 359.527 19.7518 7.39991 1990;
371.564 359.527 35.0876 7.39991 20:26–32.

200.523 372.51 10.9999 7.39991 42.
221.499 372.51 25.7757 7.39991 Sinclair
248.938 372.51 18.5278 7.39991 ARE,
269.121 372.51 26.4157 7.39991 Mduma
297.183 372.51 7.53591 7.39991 S,
306.424 372.51 35.9995 7.39991 Brashares
344.068 372.51 11.4959 7.39991 JS.
357.278 372.51 29.3524 7.39991 Patterns
388.345 372.51 6.62392 7.39991 of
396.679 372.51 32.8316 7.39991 predation
431.148 372.51 6.11992 7.39991 in
438.972 372.51 4.41594 7.39991 a
445.094 372.51 25.4157 7.39991 diverse
472.137 372.51 47.2266 7.39991 predator-prey
521.063 372.51 27.3357 7.39991 system.
550.033 372.51 25.9117 7.39991 Nature.

221.499 382.034 19.7518 7.39991 2003;
244.686 382.034 48.0978 7.39991 425:288–290.
294.463 382.034 124.604 7.39991 https://doi.org/10.1038/nature01934
420.774 382.034 22.0717 7.39991 PMID:
444.528 382.034 34.9268 7.39991 13679915

200.523 395.017 10.9999 7.39991 43.
221.499 395.017 22.4157 7.39991 Pansu
245.594 395.017 6.20792 7.39991 J,
253.474 395.017 25.5437 7.39991 Guyton
280.686 395.017 11.4959 7.39991 JA,
293.839 395.017 21.1197 7.39991 Potter
316.63 395.017 12.8238 7.39991 AB,
331.142 395.017 21.5357 7.39991 Atkins
354.387 395.017 10.5839 7.39991 JL,
366.632 395.017 24.1197 7.39991 Daskin
392.427 395.017 11.9119 7.39991 JH,
406.033 395.017 29.4956 7.39991 Wursten
437.158 395.017 7.53591 7.39991 B,
446.398 395.017 6.62392 7.39991 et
454.733 395.017 8.3279 7.39991 al.
464.767 395.017 26.2237 7.39991 Trophic
492.716 395.017 27.1677 7.39991 ecology
521.517 395.017 6.62392 7.39991 of
529.85 395.017 17.4958 7.39991 large
549.012 395.017 20.1197 7.39991 herbi-

221.499 404.541 19.3358 7.39991 vores
242.475 404.541 6.11992 7.39991 in
250.298 404.541 4.41594 7.39991 a
256.422 404.541 46.7762 7.39991 reassembling
304.894 404.541 24.5757 7.39991 African
331.142 404.541 40.0475 7.39991 ecosystem.
372.811 404.541 25.8317 7.39991 Journal
400.251 404.541 6.62392 7.39991 of
408.584 404.541 30.2876 7.39991 Ecology.
440.502 404.541 19.7518 7.39991 2018;
463.69 404.541 26.3357 7.39991 14:948.
491.696 404.541 80.4838 7.39991 https://doi.org/10.1111/

221.499 414.008 62.5656 7.39991 2041-210X.12079

200.523 427.048 10.9999 7.39991 44.
221.499 427.048 16.2878 7.39991 Ford
239.471 427.048 12.4078 7.39991 AT,
253.587 427.048 28.1276 7.39991 Goheen
283.351 427.048 11.9119 7.39991 JR,
296.957 427.048 23.2877 7.39991 Otieno
321.901 427.048 13.3278 7.39991 TO,
336.868 427.048 22.7837 7.39991 Bidner
361.359 427.048 6.62392 7.39991 L,
369.637 427.048 18.3678 7.39991 Isbell
389.706 427.048 11.9119 7.39991 LA,
403.312 427.048 25.0317 7.39991 Palmer
430.015 427.048 13.7438 7.39991 TM,
445.435 427.048 6.62392 7.39991 et
453.769 427.048 8.3279 7.39991 al.
463.803 427.048 20.1677 7.39991 Large
485.63 427.048 36.2691 7.39991 carnivores
523.614 427.048 19.3758 7.39991 make
544.647 427.048 29.8396 7.39991 savanna

221.499 436.515 13.6238 7.39991 tree
236.806 436.515 44.209 7.39991 communities
282.727 436.515 14.0398 7.39991 less
298.431 436.515 24.1677 7.39991 thorny.
324.283 436.515 30.2876 7.39991 Science.
356.2 436.515 19.7518 7.39991 2014;
379.388 436.515 48.0978 7.39991 346:346–349.
429.164 436.515 139.943 7.39991 https://doi.org/10.1126/science.1252753

221.499 446.04 22.0717 7.39991 PMID:
245.253 446.04 34.9276 7.39991 25324387

200.523 459.023 10.9999 7.39991 45.
221.499 459.023 16.2878 7.39991 Ford
239.471 459.023 12.4078 7.39991 AT,
253.587 459.023 28.1276 7.39991 Goheen
283.351 459.023 11.9119 7.39991 JR,
296.957 459.023 34.9732 7.39991 Augustine
333.637 459.023 11.9119 7.39991 DJ,
347.244 459.023 28.8636 7.39991 Kinnaird
377.744 459.023 13.7438 7.39991 MF,
393.165 459.023 26.3197 7.39991 O’Brien
421.171 459.023 13.3278 7.39991 TG,
436.194 459.023 25.0317 7.39991 Palmer
462.84 459.023 13.7438 7.39991 TM,
478.316 459.023 6.62392 7.39991 et
486.594 459.023 8.3279 7.39991 al.
496.628 459.023 33.3756 7.39991 Recovery
531.664 459.023 6.62392 7.39991 of
539.998 459.023 24.5757 7.39991 African

221.499 468.547 13.5278 7.39991 wild
236.749 468.547 17.1278 7.39991 dogs
255.514 468.547 40.3835 7.39991 suppresses
297.523 468.547 15.3758 7.39991 prey
314.531 468.547 10.9999 7.39991 but
327.231 468.547 17.1278 7.39991 does
346.052 468.547 10.9999 7.39991 not
358.751 468.547 22.2229 7.39991 trigger
382.733 468.547 4.41594 7.39991 a
388.856 468.547 23.6637 7.39991 trophic
414.14 468.547 31.6316 7.39991 cascade.
447.419 468.547 30.2876 7.39991 Ecology.
479.337 468.547 19.7518 7.39991 2015;
502.524 468.547 52.4745 7.39991 96:2705–2714.

221.499 478.015 22.0717 7.39991 PMID:
245.253 478.015 34.9276 7.39991 26649391

200.523 491.054 10.9999 7.39991 46.
221.499 491.054 43.4211 7.39991 Owen-Smith
266.626 491.054 7.9519 7.39991 N.
276.264 491.054 44.2522 7.39991 Mechanisms
322.241 491.054 6.62392 7.39991 of
330.576 491.054 41.5619 7.39991 coexistence
373.832 491.054 6.11992 7.39991 in
381.656 491.054 25.4157 7.39991 diverse
408.698 491.054 67.7352 7.39991 herbivore-carnivore
478.033 491.054 48.7114 7.39991 assemblages:
528.32 491.054 47.6586 7.39991 demographic,

221.499 500.522 30.7036 7.39991 temporal
253.814 500.522 13.1678 7.39991 and
268.667 500.522 22.7437 7.39991 spatial
293.102 500.522 53.7297 7.39991 heterogeneities
348.491 500.522 29.8316 7.39991 affecting
379.955 500.522 15.3758 7.39991 prey
397.019 500.522 43.5771 7.39991 vulnerability.
442.317 500.522 22.4557 7.39991 Oikos.
466.468 500.522 19.7518 7.39991 2015;
489.599 500.522 56.8537 7.39991 124:1417–1426.
548.162 500.522 23.7917 7.39991 https://

221.499 510.046 90.9349 7.39991 doi.org/10.1111/oik.02218

428.882 40.4611 44.7434 7.39991 War-induced
475.256 40.4611 23.5197 7.39991 wildlife
500.428 40.4611 28.8716 7.39991 collapse
530.929 40.4611 13.1678 7.39991 and
545.782 40.4611 30.2956 7.39991 recovery

36 750.256 21.1997 7.39991 PLOS
58.8469 750.256 17.2398 7.39991 ONE
77.7819 750.256 2.07997 7.39991 |
81.5802 750.256 156.363 7.39991 https://doi.org/10.1371/journal.pone.0212864
245.876 750.256 21.9997 7.39991 March
269.573 750.256 10.9999 7.39991 13,
282.272 750.256 17.5438 7.39991 2019

552.81 750.256 8.79189 7.39991 18
563.241 750.256 2.24797 7.39991 /
567.209 750.256 8.79189 7.39991 18
